
  <record>
    <leader>01000aam  22002601a 4500</leader>
    <controlfield tag="001">YPZ97458</controlfield>
    <controlfield tag="003">YPZ</controlfield>
    <controlfield tag="005">201304191736410</controlfield>
    <controlfield tag="008">130419|###########||||||b||||||||||spa|d</controlfield>
    <datafield tag="040" ind1=" " ind2=" ">
      <subfield code="c">SIUNPA</subfield>
    </datafield>
    <datafield tag="041" ind1=" " ind2=" ">
      <subfield code="a">spa</subfield>
      <subfield code="a">eng</subfield>
      <subfield code="a">ger</subfield>
    </datafield>
    <datafield tag="044" ind1=" " ind2=" ">
      <subfield code="a">AR</subfield>
    </datafield>
    <datafield tag="080" ind1=" " ind2=" ">
      <subfield code="a">R665.61(038) V547d</subfield>
    </datafield>
    <datafield tag="100" ind1=" " ind2=" ">
      <subfield code="a">Verón, Julio A..</subfield>
    </datafield>
    <datafield tag="245" ind1=" " ind2=" ">
      <subfield code="a">Diccionario técnico petrolero</subfield>
      <subfield code="b"> : castellano-inglés-alemán</subfield>
    </datafield>
    <datafield tag="260" ind1=" " ind2=" ">
      <subfield code="a">Buenos Aires</subfield>
      <subfield code="b"> : Imprenta Ábaco</subfield>
      <subfield code="c"> , 1951</subfield>
    </datafield>
    <datafield tag="650" ind1=" " ind2=" ">
      <subfield code="a"> PETROLEO</subfield>
    </datafield>
    <datafield tag="650" ind1=" " ind2=" ">
      <subfield code="a"> DICCIONARIO</subfield>
    </datafield>
    <datafield tag="942" ind1=" " ind2=" ">
      <subfield code="c">BK</subfield>
    </datafield>
    <datafield tag="952" ind1=" " ind2=" ">
      <subfield code="a">BIB_RECT</subfield>
      <subfield code="b">BIB_UACO</subfield>
      <subfield code="d">2013-04-18</subfield>
      <subfield code="y">BK</subfield>
      <subfield code="p">02-44553</subfield>
      <subfield code="i">02-44553</subfield>
      <subfield code="g">45</subfield>
      <subfield code="o">R665.61(038) V547d</subfield>
      <subfield code="e">Don. Ing. Erber, Guillermo</subfield>
      <subfield code="8">CR</subfield>
    </datafield>
  </record>