
  <record>
    <leader>01000aam  22002601a 4500</leader>
    <controlfield tag="001">YPZ97464</controlfield>
    <controlfield tag="003">YPZ</controlfield>
    <controlfield tag="005">201304221232050</controlfield>
    <controlfield tag="008">130422|###########||||||b||||||||||spa|d</controlfield>
    <datafield tag="020" ind1=" " ind2=" ">
      <subfield code="a">8427119143</subfield>
    </datafield>
    <datafield tag="040" ind1=" " ind2=" ">
      <subfield code="c">SIUNPA</subfield>
    </datafield>
    <datafield tag="041" ind1=" " ind2=" ">
      <subfield code="a">spa</subfield>
    </datafield>
    <datafield tag="044" ind1=" " ind2=" ">
      <subfield code="a">ES</subfield>
    </datafield>
    <datafield tag="080" ind1=" " ind2=" ">
      <subfield code="a">159.953.5 A454e3</subfield>
    </datafield>
    <datafield tag="100" ind1=" " ind2=" ">
      <subfield code="a">Alonso, Catalina M..</subfield>
    </datafield>
    <datafield tag="700" ind1=" " ind2=" ">
      <subfield code="a">Gallego, Domingo J..</subfield>
    </datafield>
    <datafield tag="700" ind1=" " ind2=" ">
      <subfield code="a">Honey, Peter.</subfield>
    </datafield>
    <datafield tag="245" ind1=" " ind2=" ">
      <subfield code="a">Los estilos de aprendizaje</subfield>
      <subfield code="b"> : procedimientos de diagnóstico y mejora</subfield>
    </datafield>
    <datafield tag="250" ind1=" " ind2=" ">
      <subfield code="a">3a ed.</subfield>
    </datafield>
    <datafield tag="260" ind1=" " ind2=" ">
      <subfield code="a">Bilbao</subfield>
      <subfield code="b"> : Mensajero</subfield>
      <subfield code="c"> , 1997</subfield>
    </datafield>
    <datafield tag="300" ind1=" " ind2=" ">
      <subfield code="a">445 p. : </subfield>
      <subfield code="b">il. ; </subfield>
      <subfield code="a">132 p. : </subfield>
      <subfield code="b">il. ; </subfield>
      <subfield code="a">165 p. : </subfield>
      <subfield code="b">il. ; </subfield>
      <subfield code="a">xii, 749 p. : </subfield>
      <subfield code="b">il. ; </subfield>
      <subfield code="a">207 p. : </subfield>
      <subfield code="b">il. ; </subfield>
      <subfield code="a">762 p. : </subfield>
      <subfield code="b">il. ; </subfield>
      <subfield code="a">v. : </subfield>
      <subfield code="b">il. ; </subfield>
      <subfield code="a">579 p. : </subfield>
      <subfield code="b">il. ; </subfield>
      <subfield code="a">2 v. : </subfield>
      <subfield code="b">il. ; </subfield>
      <subfield code="a">x, 795 p. : </subfield>
      <subfield code="b">il. ; </subfield>
      <subfield code="a">(ca500) p. en varias paginaciones : </subfield>
      <subfield code="b">il. ; </subfield>
      <subfield code="a">391 p. : </subfield>
      <subfield code="b">il. ; </subfield>
      <subfield code="a">v. : </subfield>
      <subfield code="a">x, 157 p. : </subfield>
      <subfield code="b">il. ; </subfield>
      <subfield code="a">185 p. : </subfield>
      <subfield code="b">il. ; </subfield>
      <subfield code="a">xvii, 315 p. : </subfield>
      <subfield code="b">il. ; </subfield>
      <subfield code="a">148 p. : </subfield>
      <subfield code="a">164 p. : </subfield>
      <subfield code="a">171 p. : </subfield>
      <subfield code="a">153 p. : </subfield>
      <subfield code="a">152 p. : </subfield>
      <subfield code="b">il. ; </subfield>
      <subfield code="a">174 p. : </subfield>
      <subfield code="b">il. ; </subfield>
      <subfield code="a">222 p. : </subfield>
      <subfield code="b">il. ; </subfield>
      <subfield code="e">1 cuadernillo (8 p.) + 2 h. sueltas</subfield>
    </datafield>
    <datafield tag="440" ind1=" " ind2=" ">
      <subfield code="a">Recursos e instrumentos psico-pedágogicos</subfield>
      <subfield code="v">10</subfield>
    </datafield>
    <datafield tag="490" ind1=" " ind2=" ">
      <subfield code="a">Recursos e instrumentos psico-pedágogicos</subfield>
      <subfield code="v">10</subfield>
    </datafield>
    <datafield tag="650" ind1=" " ind2=" ">
      <subfield code="a"> APRENDIZAJE</subfield>
    </datafield>
    <datafield tag="650" ind1=" " ind2=" ">
      <subfield code="a"> TEORIAS DEL APRENDIZAJE</subfield>
    </datafield>
    <datafield tag="942" ind1=" " ind2=" ">
      <subfield code="c">BK</subfield>
    </datafield>
    <datafield tag="952" ind1=" " ind2=" ">
      <subfield code="a">BIB_RECT</subfield>
      <subfield code="b">BIB_UACO</subfield>
      <subfield code="d">2013-04-22</subfield>
      <subfield code="y">BK</subfield>
      <subfield code="p">02-44567</subfield>
      <subfield code="i">02-44567</subfield>
      <subfield code="g">90</subfield>
      <subfield code="o">159.953.5 A454e3</subfield>
      <subfield code="e">Donación Lic. Guerra, Lía</subfield>
      <subfield code="8">CG</subfield>
    </datafield>
  </record>