
  <record>
    <leader>01000aam  22002601a 4500</leader>
    <controlfield tag="001">YPZ97469</controlfield>
    <controlfield tag="003">YPZ</controlfield>
    <controlfield tag="005">201304221835160</controlfield>
    <controlfield tag="008">130422|###########||||||b||||||||||spa|d</controlfield>
    <datafield tag="020" ind1=" " ind2=" ">
      <subfield code="a">9506651388</subfield>
    </datafield>
    <datafield tag="040" ind1=" " ind2=" ">
      <subfield code="c">SIUNPA</subfield>
    </datafield>
    <datafield tag="041" ind1=" " ind2=" ">
      <subfield code="a">spa</subfield>
    </datafield>
    <datafield tag="044" ind1=" " ind2=" ">
      <subfield code="a">AR</subfield>
    </datafield>
    <datafield tag="080" ind1=" " ind2=" ">
      <subfield code="a">028.1 R578c</subfield>
    </datafield>
    <datafield tag="100" ind1=" " ind2=" ">
      <subfield code="a">Rinaudo, María Cristina.</subfield>
    </datafield>
    <datafield tag="245" ind1=" " ind2=" ">
      <subfield code="a">Comprensión del texto escrito</subfield>
      <subfield code="b"> : estudios acerca de la naturaleza del proceso y las posibilidades de la instrucción</subfield>
    </datafield>
    <datafield tag="260" ind1=" " ind2=" ">
      <subfield code="a">Río Cuarto</subfield>
      <subfield code="b"> : Editorial de la Fundación Universidad Nacional de Río Cuarto</subfield>
      <subfield code="c"> , 1999</subfield>
    </datafield>
    <datafield tag="650" ind1=" " ind2=" ">
      <subfield code="a"> COMPRENSION DE TEXTOS</subfield>
    </datafield>
    <datafield tag="650" ind1=" " ind2=" ">
      <subfield code="a"> LECTURA</subfield>
    </datafield>
    <datafield tag="942" ind1=" " ind2=" ">
      <subfield code="c">BK</subfield>
    </datafield>
    <datafield tag="952" ind1=" " ind2=" ">
      <subfield code="a">BIB_RECT</subfield>
      <subfield code="b">BIB_UACO</subfield>
      <subfield code="d">2013-04-19</subfield>
      <subfield code="y">BK</subfield>
      <subfield code="p">02-44570</subfield>
      <subfield code="i">02-44570</subfield>
      <subfield code="g">100</subfield>
      <subfield code="o">028.1 R578c</subfield>
      <subfield code="e">Donación Lic. Guerra, Lía</subfield>
      <subfield code="8">CG</subfield>
    </datafield>
  </record>