
  <record>
    <leader>01000aam  22002601a 4500</leader>
    <controlfield tag="001">YPZ97482</controlfield>
    <controlfield tag="003">YPZ</controlfield>
    <controlfield tag="005">201304241451260</controlfield>
    <controlfield tag="008">130424|###########||||||b||||||||||spa|d</controlfield>
    <datafield tag="020" ind1=" " ind2=" ">
      <subfield code="a">9789871242252</subfield>
    </datafield>
    <datafield tag="020" ind1=" " ind2=" ">
      <subfield code="a">9789870233893</subfield>
    </datafield>
    <datafield tag="040" ind1=" " ind2=" ">
      <subfield code="c">SIUNPA</subfield>
    </datafield>
    <datafield tag="041" ind1=" " ind2=" ">
      <subfield code="a">spa</subfield>
    </datafield>
    <datafield tag="044" ind1=" " ind2=" ">
      <subfield code="a">AR</subfield>
    </datafield>
    <datafield tag="080" ind1=" " ind2=" ">
      <subfield code="a">378.4 Z91d</subfield>
    </datafield>
    <datafield tag="100" ind1=" " ind2=" ">
      <subfield code="a">Zárate, Rubén.</subfield>
    </datafield>
    <datafield tag="700" ind1=" " ind2=" ">
      <subfield code="a">Arias, Patricia.</subfield>
    </datafield>
    <datafield tag="700" ind1=" " ind2=" ">
      <subfield code="a">Franzante, Blanca.</subfield>
    </datafield>
    <datafield tag="245" ind1=" " ind2=" ">
      <subfield code="a">La difícil construcción del oficio universitario</subfield>
      <subfield code="b"> : un encuentro necesario entre las prácticas estudiantiles y el juicio profesoral</subfield>
    </datafield>
    <datafield tag="260" ind1=" " ind2=" ">
      <subfield code="a">Río Gallegos</subfield>
      <subfield code="a">Buenos Aires</subfield>
      <subfield code="b"> : Universidad Nacional de la Patagonia Austral, UNPAedita</subfield>
      <subfield code="b"> : Dunken</subfield>
      <subfield code="c"> , 2011</subfield>
    </datafield>
    <datafield tag="650" ind1=" " ind2=" ">
      <subfield code="a"> UNIVERSIDADES  DOCENTES</subfield>
    </datafield>
    <datafield tag="650" ind1=" " ind2=" ">
      <subfield code="a"> ESTUDIANTES</subfield>
    </datafield>
    <datafield tag="650" ind1=" " ind2=" ">
      <subfield code="a"> UNIVERSIDAD NACIONAL DE LA PATAGONIA AUSTRAL</subfield>
    </datafield>
    <datafield tag="650" ind1=" " ind2=" ">
      <subfield code="a"> SANTA CRUZ (ARGENTINA)</subfield>
    </datafield>
    <datafield tag="942" ind1=" " ind2=" ">
      <subfield code="c">BK</subfield>
    </datafield>
    <datafield tag="952" ind1=" " ind2=" ">
      <subfield code="a">BIB_RECT</subfield>
      <subfield code="b">BIB_UACO</subfield>
      <subfield code="d">2013-04-24</subfield>
      <subfield code="y">BK</subfield>
      <subfield code="p">02-44593</subfield>
      <subfield code="i">02-44593</subfield>
      <subfield code="g">60</subfield>
      <subfield code="o">378.4 Z91d</subfield>
      <subfield code="e">Don. Sec. de Ext. Universitaria</subfield>
      <subfield code="8">CG</subfield>
    </datafield>
    <datafield tag="952" ind1=" " ind2=" ">
      <subfield code="a">BIB_RECT</subfield>
      <subfield code="b">BIB_UACO</subfield>
      <subfield code="d">2013-04-24</subfield>
      <subfield code="y">BK</subfield>
      <subfield code="p">02-44594</subfield>
      <subfield code="i">02-44594</subfield>
      <subfield code="g">60</subfield>
      <subfield code="o">378.4 Z91d</subfield>
      <subfield code="e">Don. Sec. de Ext. Universitaria</subfield>
      <subfield code="8">CG</subfield>
    </datafield>
    <datafield tag="952" ind1=" " ind2=" ">
      <subfield code="a">BIB_RECT</subfield>
      <subfield code="b">BIB_UART</subfield>
      <subfield code="d">2013-04-24</subfield>
      <subfield code="y">BK</subfield>
      <subfield code="p">03-44586</subfield>
      <subfield code="i">03-44586</subfield>
      <subfield code="g">60</subfield>
      <subfield code="o">378.4 Z91d</subfield>
      <subfield code="e">Don. Sec. de Ext. Universitaria</subfield>
      <subfield code="8">CG</subfield>
    </datafield>
    <datafield tag="952" ind1=" " ind2=" ">
      <subfield code="a">BIB_RECT</subfield>
      <subfield code="b">BIB_UASJ</subfield>
      <subfield code="d">2013-04-24</subfield>
      <subfield code="y">BK</subfield>
      <subfield code="p">04-44584</subfield>
      <subfield code="i">04-44584</subfield>
      <subfield code="g">60</subfield>
      <subfield code="o">378.4 Z91d</subfield>
      <subfield code="e">Don. Sec. de Ext. Universitaria</subfield>
      <subfield code="8">CG</subfield>
    </datafield>
    <datafield tag="952" ind1=" " ind2=" ">
      <subfield code="a">BIB_RECT</subfield>
      <subfield code="b">BIB_UARG</subfield>
      <subfield code="d">2013-04-24</subfield>
      <subfield code="y">BK</subfield>
      <subfield code="p">05-44589</subfield>
      <subfield code="i">05-44589</subfield>
      <subfield code="g">60</subfield>
      <subfield code="o">378.4 Z91d</subfield>
      <subfield code="e">Don. Sec. de Ext. Universitaria</subfield>
      <subfield code="8">CG</subfield>
    </datafield>
    <datafield tag="952" ind1=" " ind2=" ">
      <subfield code="a">BIB_RECT</subfield>
      <subfield code="b">BIB_UARG</subfield>
      <subfield code="d">2013-04-24</subfield>
      <subfield code="y">BK</subfield>
      <subfield code="p">05-44590</subfield>
      <subfield code="i">05-44590</subfield>
      <subfield code="g">60</subfield>
      <subfield code="o">378.4 Z91d</subfield>
      <subfield code="e">Don. Sec. de Ext. Universitaria</subfield>
      <subfield code="8">CG</subfield>
    </datafield>
    <datafield tag="952" ind1=" " ind2=" ">
      <subfield code="a">BIB_RECT</subfield>
      <subfield code="b">SAT_TRUN</subfield>
      <subfield code="d">2013-04-25</subfield>
      <subfield code="y">BK</subfield>
      <subfield code="p">10-44606</subfield>
      <subfield code="i">10-44606</subfield>
      <subfield code="g">60</subfield>
      <subfield code="o">378.4 Z91d</subfield>
      <subfield code="e">Don. Sec. de Ext. Universitaria</subfield>
      <subfield code="8">CG</subfield>
    </datafield>
    <datafield tag="952" ind1=" " ind2=" ">
      <subfield code="a">BIB_RECT</subfield>
      <subfield code="b">SAT_PBNA</subfield>
      <subfield code="d">2013-04-25</subfield>
      <subfield code="y">BK</subfield>
      <subfield code="p">11-44602</subfield>
      <subfield code="i">11-44602</subfield>
      <subfield code="g">60</subfield>
      <subfield code="o">378.4 Z91d</subfield>
      <subfield code="e">Don. Sec. de Ext. Universitaria</subfield>
      <subfield code="8">CG</subfield>
    </datafield>
    <datafield tag="952" ind1=" " ind2=" ">
      <subfield code="a">BIB_RECT</subfield>
      <subfield code="b">SAT_CLFT</subfield>
      <subfield code="d">2013-04-25</subfield>
      <subfield code="y">BK</subfield>
      <subfield code="p">12-44608</subfield>
      <subfield code="i">12-44608</subfield>
      <subfield code="g">60</subfield>
      <subfield code="o">378.4 Z91d</subfield>
      <subfield code="e">Don. Sec. de Ext. Universitaria</subfield>
      <subfield code="8">CG</subfield>
    </datafield>
    <datafield tag="952" ind1=" " ind2=" ">
      <subfield code="a">BIB_RECT</subfield>
      <subfield code="b">SAT_PMDN </subfield>
      <subfield code="d">2013-04-25</subfield>
      <subfield code="y">BK</subfield>
      <subfield code="p">15-44604</subfield>
      <subfield code="i">15-44604</subfield>
      <subfield code="g">60</subfield>
      <subfield code="o">378.4 Z91d</subfield>
      <subfield code="e">Don. Sec. de Ext. Universitaria</subfield>
      <subfield code="8">CG</subfield>
    </datafield>
    <datafield tag="952" ind1=" " ind2=" ">
      <subfield code="a">BIB_RECT</subfield>
      <subfield code="b">SAT_PDES</subfield>
      <subfield code="d">2013-04-25</subfield>
      <subfield code="y">BK</subfield>
      <subfield code="p">16-44596</subfield>
      <subfield code="i">16-44596</subfield>
      <subfield code="g">60</subfield>
      <subfield code="o">378.4 Z91d</subfield>
      <subfield code="e">Don. Sec. de Ext. Universitaria</subfield>
      <subfield code="8">CG</subfield>
    </datafield>
    <datafield tag="952" ind1=" " ind2=" ">
      <subfield code="a">BIB_RECT</subfield>
      <subfield code="b">SAT_RGRA</subfield>
      <subfield code="d">2013-04-25</subfield>
      <subfield code="y">BK</subfield>
      <subfield code="p">17-44598</subfield>
      <subfield code="i">17-44598</subfield>
      <subfield code="g">60</subfield>
      <subfield code="o">378.4 Z91d</subfield>
      <subfield code="e">Don. Sec. de Ext. Universitaria</subfield>
      <subfield code="8">CG</subfield>
    </datafield>
    <datafield tag="952" ind1=" " ind2=" ">
      <subfield code="a">BIB_RECT</subfield>
      <subfield code="b">SAT_GREG</subfield>
      <subfield code="d">2013-04-25</subfield>
      <subfield code="y">BK</subfield>
      <subfield code="p">18-44600</subfield>
      <subfield code="i">18-44600</subfield>
      <subfield code="g">60</subfield>
      <subfield code="o">378.4 Z91d</subfield>
      <subfield code="e">Don. Sec. de Ext. Universitaria</subfield>
      <subfield code="8">CG</subfield>
    </datafield>
    <datafield tag="952" ind1=" " ind2=" ">
      <subfield code="a">BIB_RECT</subfield>
      <subfield code="b">SAT_USHU</subfield>
      <subfield code="d">2013-04-25</subfield>
      <subfield code="y">BK</subfield>
      <subfield code="p">19-44610</subfield>
      <subfield code="i">19-44610</subfield>
      <subfield code="g">60</subfield>
      <subfield code="o">378.4 Z91d</subfield>
      <subfield code="e">Don. Sec. de Ext. Universitaria</subfield>
      <subfield code="8">CG</subfield>
    </datafield>
  </record>