
  <record>
    <leader>01000aam  22002601a 4500</leader>
    <controlfield tag="001">YPZ97483</controlfield>
    <controlfield tag="003">YPZ</controlfield>
    <controlfield tag="005">201304241535120</controlfield>
    <controlfield tag="008">130424|###########||||||b||||||||||spa|d</controlfield>
    <datafield tag="020" ind1=" " ind2=" ">
      <subfield code="a">9789871497614</subfield>
    </datafield>
    <datafield tag="040" ind1=" " ind2=" ">
      <subfield code="c">SIUNPA</subfield>
    </datafield>
    <datafield tag="041" ind1=" " ind2=" ">
      <subfield code="a">spa</subfield>
    </datafield>
    <datafield tag="044" ind1=" " ind2=" ">
      <subfield code="a">AR</subfield>
    </datafield>
    <datafield tag="080" ind1=" " ind2=" ">
      <subfield code="a">37.035.3 E244e</subfield>
    </datafield>
    <datafield tag="245" ind1=" " ind2=" ">
      <subfield code="a">Educación y trabajo, miradas desde lo regional</subfield>
      <subfield code="b"> : territorio y desigualdad de oportunidades</subfield>
      <subfield code="c"> / Álvarez, María Valeria, coord. ; Michniuk, Natalia, coord. ; Villanueva, María Lourdes, coord.</subfield>
    </datafield>
    <datafield tag="260" ind1=" " ind2=" ">
      <subfield code="a">Buenos Aires</subfield>
      <subfield code="b"> : El Colectivo</subfield>
      <subfield code="c"> , 2012</subfield>
    </datafield>
    <datafield tag="650" ind1=" " ind2=" ">
      <subfield code="a"> EDUCACION Y EMPLEO</subfield>
    </datafield>
    <datafield tag="650" ind1=" " ind2=" ">
      <subfield code="a"> DESARROLLO REGIONAL </subfield>
    </datafield>
    <datafield tag="650" ind1=" " ind2=" ">
      <subfield code="a"> MERCADO DE TRABAJO</subfield>
    </datafield>
    <datafield tag="650" ind1=" " ind2=" ">
      <subfield code="a"> EDUCACION PARA EL TRABAJO </subfield>
    </datafield>
    <datafield tag="650" ind1=" " ind2=" ">
      <subfield code="a"> INDUSTRIA PETROLERA</subfield>
    </datafield>
    <datafield tag="650" ind1=" " ind2=" ">
      <subfield code="a"> SANTA CRUZ (ARGENTINA)</subfield>
    </datafield>
    <datafield tag="942" ind1=" " ind2=" ">
      <subfield code="c">BK</subfield>
    </datafield>
    <datafield tag="952" ind1=" " ind2=" ">
      <subfield code="a">BIB_RECT</subfield>
      <subfield code="b">BIB_UACO</subfield>
      <subfield code="d">2013-04-24</subfield>
      <subfield code="y">BK</subfield>
      <subfield code="p">02-44591</subfield>
      <subfield code="i">02-44591</subfield>
      <subfield code="g">55</subfield>
      <subfield code="o">37.035.3 E244e</subfield>
      <subfield code="e">Don. Sec. de Ext. Universitaria</subfield>
      <subfield code="8">CG</subfield>
    </datafield>
    <datafield tag="952" ind1=" " ind2=" ">
      <subfield code="a">BIB_RECT</subfield>
      <subfield code="b">BIB_UACO</subfield>
      <subfield code="d">2013-04-24</subfield>
      <subfield code="y">BK</subfield>
      <subfield code="p">02-44592</subfield>
      <subfield code="i">02-44592</subfield>
      <subfield code="g">55</subfield>
      <subfield code="o">37.035.3 E244e</subfield>
      <subfield code="e">Don. Sec. de Ext. Universitaria</subfield>
      <subfield code="8">CG</subfield>
    </datafield>
    <datafield tag="952" ind1=" " ind2=" ">
      <subfield code="a">BIB_RECT</subfield>
      <subfield code="b">BIB_UART</subfield>
      <subfield code="d">2013-04-24</subfield>
      <subfield code="y">BK</subfield>
      <subfield code="p">03-44585</subfield>
      <subfield code="i">03-44585</subfield>
      <subfield code="g">55</subfield>
      <subfield code="o">37.035.3 E244e</subfield>
      <subfield code="e">Don. Sec. de Ext. Universitaria</subfield>
      <subfield code="8">CG</subfield>
    </datafield>
    <datafield tag="952" ind1=" " ind2=" ">
      <subfield code="a">BIB_RECT</subfield>
      <subfield code="b">BIB_UASJ</subfield>
      <subfield code="d">2013-04-24</subfield>
      <subfield code="y">BK</subfield>
      <subfield code="p">04-44583</subfield>
      <subfield code="i">04-44583</subfield>
      <subfield code="g">55</subfield>
      <subfield code="o">37.035.3 E244e</subfield>
      <subfield code="e">Don. Sec. de Ext. Universitaria</subfield>
      <subfield code="8">CG</subfield>
    </datafield>
    <datafield tag="952" ind1=" " ind2=" ">
      <subfield code="a">BIB_RECT</subfield>
      <subfield code="b">BIB_UACO</subfield>
      <subfield code="d">2013-04-24</subfield>
      <subfield code="y">BK</subfield>
      <subfield code="p">05-44587</subfield>
      <subfield code="i">05-44587</subfield>
      <subfield code="g">55</subfield>
      <subfield code="o">37.035.3 E244e</subfield>
      <subfield code="e">Don. Sec. de Ext. Universitaria</subfield>
      <subfield code="8">CG</subfield>
    </datafield>
    <datafield tag="952" ind1=" " ind2=" ">
      <subfield code="a">BIB_RECT</subfield>
      <subfield code="b">BIB_UARG</subfield>
      <subfield code="d">2013-04-24</subfield>
      <subfield code="y">BK</subfield>
      <subfield code="p">05-44588</subfield>
      <subfield code="i">05-44588</subfield>
      <subfield code="g">55</subfield>
      <subfield code="o">37.035.3 E244e</subfield>
      <subfield code="e">Don. Sec. de Ext. Universitaria</subfield>
      <subfield code="8">CG</subfield>
    </datafield>
    <datafield tag="952" ind1=" " ind2=" ">
      <subfield code="a">BIB_RECT</subfield>
      <subfield code="b">BIB_UARG</subfield>
      <subfield code="d">2016-10-03</subfield>
      <subfield code="y">BK</subfield>
      <subfield code="p">05-48257</subfield>
      <subfield code="i">05-48257</subfield>
      <subfield code="g">280</subfield>
      <subfield code="o">37.035.3 E244e</subfield>
      <subfield code="e">Donación</subfield>
      <subfield code="8">CG</subfield>
    </datafield>
    <datafield tag="952" ind1=" " ind2=" ">
      <subfield code="a">BIB_RECT</subfield>
      <subfield code="b">SAT_TRUN</subfield>
      <subfield code="d">2013-04-25</subfield>
      <subfield code="y">BK</subfield>
      <subfield code="p">10-44605</subfield>
      <subfield code="i">10-44605</subfield>
      <subfield code="g">55</subfield>
      <subfield code="o">37.035.3 E244e</subfield>
      <subfield code="e">Don. Sec. de Ext. Universitaria</subfield>
      <subfield code="8">CG</subfield>
    </datafield>
    <datafield tag="952" ind1=" " ind2=" ">
      <subfield code="a">BIB_RECT</subfield>
      <subfield code="b">SAT_PBNA</subfield>
      <subfield code="d">2013-04-25</subfield>
      <subfield code="y">BK</subfield>
      <subfield code="p">11-44601</subfield>
      <subfield code="i">11-44601</subfield>
      <subfield code="g">55</subfield>
      <subfield code="o">37.035.3 E244e</subfield>
      <subfield code="e">Don. Sec. de Ext. Universitaria</subfield>
      <subfield code="8">CG</subfield>
    </datafield>
    <datafield tag="952" ind1=" " ind2=" ">
      <subfield code="a">BIB_RECT</subfield>
      <subfield code="b">SAT_CLFT</subfield>
      <subfield code="d">2013-04-25</subfield>
      <subfield code="y">BK</subfield>
      <subfield code="p">12-44607</subfield>
      <subfield code="i">12-44607</subfield>
      <subfield code="g">55</subfield>
      <subfield code="o">37.035.3 E244e</subfield>
      <subfield code="e">Don. Sec. de Ext. Universitaria</subfield>
      <subfield code="8">CG</subfield>
    </datafield>
    <datafield tag="952" ind1=" " ind2=" ">
      <subfield code="a">BIB_RECT</subfield>
      <subfield code="b">SAT_PMDN </subfield>
      <subfield code="d">2013-04-25</subfield>
      <subfield code="y">BK</subfield>
      <subfield code="p">15-44603</subfield>
      <subfield code="i">15-44603</subfield>
      <subfield code="g">55</subfield>
      <subfield code="o">37.035.3 E244e</subfield>
      <subfield code="e">Don. Sec. de Ext. Universitaria</subfield>
      <subfield code="8">CG</subfield>
    </datafield>
    <datafield tag="952" ind1=" " ind2=" ">
      <subfield code="a">BIB_RECT</subfield>
      <subfield code="b">SAT_PDES</subfield>
      <subfield code="d">2013-04-25</subfield>
      <subfield code="y">BK</subfield>
      <subfield code="p">16-44595</subfield>
      <subfield code="i">16-44595</subfield>
      <subfield code="g">55</subfield>
      <subfield code="o">37.035.3 E244e</subfield>
      <subfield code="e">Don. Sec. de Ext. Universitaria</subfield>
      <subfield code="8">CG</subfield>
    </datafield>
    <datafield tag="952" ind1=" " ind2=" ">
      <subfield code="a">BIB_RECT</subfield>
      <subfield code="b">SAT_RGRA</subfield>
      <subfield code="d">2013-04-25</subfield>
      <subfield code="y">BK</subfield>
      <subfield code="p">17-44597</subfield>
      <subfield code="i">17-44597</subfield>
      <subfield code="g">55</subfield>
      <subfield code="o">37.035.3 E244e</subfield>
      <subfield code="e">Don. Sec. de Ext. Universitaria</subfield>
      <subfield code="8">CG</subfield>
    </datafield>
    <datafield tag="952" ind1=" " ind2=" ">
      <subfield code="a">BIB_RECT</subfield>
      <subfield code="b">SAT_GREG</subfield>
      <subfield code="d">2013-04-25</subfield>
      <subfield code="y">BK</subfield>
      <subfield code="p">18-44599</subfield>
      <subfield code="i">18-44599</subfield>
      <subfield code="g">55</subfield>
      <subfield code="o">37.035.3 E244e</subfield>
      <subfield code="e">Don. Sec. de Ext. Universitaria</subfield>
      <subfield code="8">CG</subfield>
    </datafield>
    <datafield tag="952" ind1=" " ind2=" ">
      <subfield code="a">BIB_RECT</subfield>
      <subfield code="b">SAT_USHU</subfield>
      <subfield code="d">2013-04-25</subfield>
      <subfield code="y">BK</subfield>
      <subfield code="p">19-44609</subfield>
      <subfield code="i">19-44609</subfield>
      <subfield code="g">55</subfield>
      <subfield code="o">37.035.3 E244e</subfield>
      <subfield code="e">Don. Sec. de Ext. Universitaria</subfield>
      <subfield code="8">CG</subfield>
    </datafield>
  </record>