
  <record>
    <leader>01000aam  22002601a 4500</leader>
    <controlfield tag="001">YPZ97490</controlfield>
    <controlfield tag="003">YPZ</controlfield>
    <controlfield tag="005">201304291112030</controlfield>
    <controlfield tag="008">130429|###########||||||b||||||||||spa|d</controlfield>
    <datafield tag="020" ind1=" " ind2=" ">
      <subfield code="a">9789879433683</subfield>
    </datafield>
    <datafield tag="040" ind1=" " ind2=" ">
      <subfield code="c">SIUNPA</subfield>
    </datafield>
    <datafield tag="041" ind1=" " ind2=" ">
      <subfield code="a">spa</subfield>
    </datafield>
    <datafield tag="044" ind1=" " ind2=" ">
      <subfield code="a">AR</subfield>
    </datafield>
    <datafield tag="080" ind1=" " ind2=" ">
      <subfield code="a">821.134.2(82)</subfield>
    </datafield>
    <datafield tag="100" ind1=" " ind2=" ">
      <subfield code="a">Pasquini, Gabriel.</subfield>
    </datafield>
    <datafield tag="700" ind1=" " ind2=" ">
      <subfield code="a">Cossa, Mariano.</subfield>
    </datafield>
    <datafield tag="700" ind1=" " ind2=" ">
      <subfield code="a">Papatino, Enrique.</subfield>
    </datafield>
    <datafield tag="700" ind1=" " ind2=" ">
      <subfield code="a">Campos, Lauro.</subfield>
    </datafield>
    <datafield tag="700" ind1=" " ind2=" ">
      <subfield code="a">Pons, Sebastián.</subfield>
    </datafield>
    <datafield tag="700" ind1=" " ind2=" ">
      <subfield code="a">Monteros, Gustavo.</subfield>
    </datafield>
    <datafield tag="700" ind1=" " ind2=" ">
      <subfield code="a">Halvorsen, Erika.</subfield>
    </datafield>
    <datafield tag="700" ind1=" " ind2=" ">
      <subfield code="a">Rapoport, Andrés.</subfield>
    </datafield>
    <datafield tag="110" ind1=" " ind2=" ">
      <subfield code="a">Concurso Nacional de Obras de Teatro (10 : [2004] : Buenos Aires).</subfield>
    </datafield>
    <datafield tag="245" ind1=" " ind2=" ">
      <subfield code="a">Teatro/10</subfield>
    </datafield>
    <datafield tag="260" ind1=" " ind2=" ">
      <subfield code="a">Buenos Aires</subfield>
      <subfield code="b"> : Instituto Nacional del Teatro</subfield>
      <subfield code="c"> , 2008</subfield>
    </datafield>
    <datafield tag="650" ind1=" " ind2=" ">
      <subfield code="a"> LITERATURA ARGENTINA</subfield>
    </datafield>
    <datafield tag="650" ind1=" " ind2=" ">
      <subfield code="a"> TEATRO ARGENTINO</subfield>
    </datafield>
    <datafield tag="505" ind1="0" ind2="0">
      <subfield code="g">p. 7-61</subfield>
      <subfield code="g">- LITERATURA ARGENTINA|TEATRO ARGENTINO</subfield>
      <subfield code="r">Pasquini, Gabriel|Cossa, Mariano</subfield>
      <subfield code="t">Spaghetti</subfield>
    </datafield>
    <datafield tag="505" ind1="0" ind2="0">
      <subfield code="g">p. 63-105</subfield>
      <subfield code="g">- LITERATURA ARGENTINA|TEATRO ARGENTINO</subfield>
      <subfield code="r">Papatino, Enrique</subfield>
      <subfield code="t">Amalfi</subfield>
    </datafield>
    <datafield tag="505" ind1="0" ind2="0">
      <subfield code="g">p. 107-135</subfield>
      <subfield code="g">- LITERATURA ARGENTINA|TEATRO ARGENTINO</subfield>
      <subfield code="r">Campos, Lauro</subfield>
      <subfield code="t">El servidor</subfield>
    </datafield>
    <datafield tag="505" ind1="0" ind2="0">
      <subfield code="g">p. 137-161</subfield>
      <subfield code="g">- LITERATURA ARGENTINA|TEATRO ARGENTINO</subfield>
      <subfield code="r">Pons, Sebastián</subfield>
      <subfield code="t">Los de atrás</subfield>
    </datafield>
    <datafield tag="505" ind1="0" ind2="0">
      <subfield code="g">p. 163-184</subfield>
      <subfield code="g">- LITERATURA ARGENTINA|TEATRO ARGENTINO</subfield>
      <subfield code="r">Halvorsen, Erika</subfield>
      <subfield code="t">Noruegas:(del deseo en alta mar)</subfield>
    </datafield>
    <datafield tag="505" ind1="0" ind2="0">
      <subfield code="g">p. 187-233</subfield>
      <subfield code="g">- LITERATURA ARGENTINA|TEATRO ARGENTINO</subfield>
      <subfield code="r">Monteros, Gustavo</subfield>
      <subfield code="t">Una conducta inaceptable</subfield>
    </datafield>
    <datafield tag="505" ind1="0" ind2="0">
      <subfield code="g">p. 235-303</subfield>
      <subfield code="g">- LITERATURA ARGENTINA|TEATRO ARGENTINO</subfield>
      <subfield code="r">Rapoport, Andrés</subfield>
      <subfield code="t">Desangrados por una promesa que no cumpliste</subfield>
    </datafield>
    <datafield tag="773" ind1="0" ind2="#">
      <subfield code="a">Pasquini, Gabriel|Cossa, Mariano</subfield>
      <subfield code="g">- LITERATURA ARGENTINA|TEATRO ARGENTINO</subfield>
      <subfield code="h">p. 7-61</subfield>
      <subfield code="t">Spaghetti</subfield>
    </datafield>
    <datafield tag="773" ind1="0" ind2="#">
      <subfield code="a">Papatino, Enrique</subfield>
      <subfield code="g">- LITERATURA ARGENTINA|TEATRO ARGENTINO</subfield>
      <subfield code="h">p. 63-105</subfield>
      <subfield code="t">Amalfi</subfield>
    </datafield>
    <datafield tag="773" ind1="0" ind2="#">
      <subfield code="a">Campos, Lauro</subfield>
      <subfield code="g">- LITERATURA ARGENTINA|TEATRO ARGENTINO</subfield>
      <subfield code="h">p. 107-135</subfield>
      <subfield code="t">El servidor</subfield>
    </datafield>
    <datafield tag="773" ind1="0" ind2="#">
      <subfield code="a">Pons, Sebastián</subfield>
      <subfield code="g">- LITERATURA ARGENTINA|TEATRO ARGENTINO</subfield>
      <subfield code="h">p. 137-161</subfield>
      <subfield code="t">Los de atrás</subfield>
    </datafield>
    <datafield tag="773" ind1="0" ind2="#">
      <subfield code="a">Halvorsen, Erika</subfield>
      <subfield code="g">- LITERATURA ARGENTINA|TEATRO ARGENTINO</subfield>
      <subfield code="h">p. 163-184</subfield>
      <subfield code="t">Noruegas:(del deseo en alta mar)</subfield>
    </datafield>
    <datafield tag="773" ind1="0" ind2="#">
      <subfield code="a">Monteros, Gustavo</subfield>
      <subfield code="g">- LITERATURA ARGENTINA|TEATRO ARGENTINO</subfield>
      <subfield code="h">p. 187-233</subfield>
      <subfield code="t">Una conducta inaceptable</subfield>
    </datafield>
    <datafield tag="773" ind1="0" ind2="#">
      <subfield code="a">Rapoport, Andrés</subfield>
      <subfield code="g">- LITERATURA ARGENTINA|TEATRO ARGENTINO</subfield>
      <subfield code="h">p. 235-303</subfield>
      <subfield code="t">Desangrados por una promesa que no cumpliste</subfield>
    </datafield>
    <datafield tag="942" ind1=" " ind2=" ">
      <subfield code="c">BK</subfield>
    </datafield>
    <datafield tag="952" ind1=" " ind2=" ">
      <subfield code="a">BIB_RECT</subfield>
      <subfield code="b">BIB_UARG</subfield>
      <subfield code="d">2013-09-03</subfield>
      <subfield code="y">BK</subfield>
      <subfield code="p">05-45446</subfield>
      <subfield code="i">05-45446</subfield>
      <subfield code="g">120</subfield>
      <subfield code="o">821.134.2(82)</subfield>
      <subfield code="e">DramaTiza</subfield>
      <subfield code="8">CG</subfield>
    </datafield>
    <datafield tag="952" ind1=" " ind2=" ">
      <subfield code="a">BIB_RECT</subfield>
      <subfield code="b">SAT_TEAT</subfield>
      <subfield code="d">2013-04-26</subfield>
      <subfield code="y">BK</subfield>
      <subfield code="p">20-44630</subfield>
      <subfield code="i">20-44630</subfield>
      <subfield code="g">45</subfield>
      <subfield code="o">821.134.2(82)</subfield>
      <subfield code="e">TEATRUNPA</subfield>
      <subfield code="8">CG</subfield>
    </datafield>
  </record>