
  <record>
    <leader>01000aam  22002601a 4500</leader>
    <controlfield tag="001">YPZ97491</controlfield>
    <controlfield tag="003">YPZ</controlfield>
    <controlfield tag="005">201304291215010</controlfield>
    <controlfield tag="008">130429|###########||||||b||||||||||spa|d</controlfield>
    <datafield tag="020" ind1=" " ind2=" ">
      <subfield code="a">9789879433577</subfield>
    </datafield>
    <datafield tag="040" ind1=" " ind2=" ">
      <subfield code="c">SIUNPA</subfield>
    </datafield>
    <datafield tag="041" ind1=" " ind2=" ">
      <subfield code="a">spa</subfield>
    </datafield>
    <datafield tag="044" ind1=" " ind2=" ">
      <subfield code="a">AR</subfield>
    </datafield>
    <datafield tag="080" ind1=" " ind2=" ">
      <subfield code="a">821.134.2(826.7)</subfield>
    </datafield>
    <datafield tag="245" ind1=" " ind2=" ">
      <subfield code="a">40 años de teatro salteño (1936-1976)</subfield>
      <subfield code="b"> : antología</subfield>
      <subfield code="c"> / Balestrino, Graciela, selección y estudios críticos ; Sosa, Marcela Beatriz , selección y estudios críticos</subfield>
    </datafield>
    <datafield tag="250" ind1=" " ind2=" ">
      <subfield code="a">1a ed.</subfield>
    </datafield>
    <datafield tag="260" ind1=" " ind2=" ">
      <subfield code="a">Buenos Aires</subfield>
      <subfield code="b"> : Instituto Nacional del Teatro</subfield>
      <subfield code="c"> , 2008</subfield>
    </datafield>
    <datafield tag="650" ind1=" " ind2=" ">
      <subfield code="a"> LITERATURA ARGENTINA</subfield>
    </datafield>
    <datafield tag="650" ind1=" " ind2=" ">
      <subfield code="a"> TEATRO ARGENTINO</subfield>
    </datafield>
    <datafield tag="650" ind1=" " ind2=" ">
      <subfield code="a"> ANTOLOGIA </subfield>
    </datafield>
    <datafield tag="650" ind1=" " ind2=" ">
      <subfield code="a"> SALTA (ARGENTINA)</subfield>
    </datafield>
    <datafield tag="505" ind1="0" ind2="0">
      <subfield code="g">p. 17-77</subfield>
      <subfield code="g">- TEATRO ARGENTINO| ANTOLOGIA</subfield>
      <subfield code="r">Sirolli, Amadeo Rodolfo</subfield>
      <subfield code="t">Pacha-Mama</subfield>
    </datafield>
    <datafield tag="505" ind1="0" ind2="0">
      <subfield code="g">p. 79-112</subfield>
      <subfield code="g">- TEATRO ARGENTINO| ANTOLOGIA</subfield>
      <subfield code="r">Lomba,  Carlos Xamena</subfield>
      <subfield code="t">Ña Eloisa, la curandera</subfield>
    </datafield>
    <datafield tag="505" ind1="0" ind2="0">
      <subfield code="g">p. 115-159</subfield>
      <subfield code="g">- TEATRO ARGENTINO| ANTOLOGIA</subfield>
      <subfield code="r">Alvarado,  Julio Barbarán</subfield>
      <subfield code="t">El mal de Dios</subfield>
    </datafield>
    <datafield tag="505" ind1="0" ind2="0">
      <subfield code="g">p. 167-203</subfield>
      <subfield code="g">- TEATRO ARGENTINO| ANTOLOGIA</subfield>
      <subfield code="r">Matorras Cornejo, Carlos</subfield>
      <subfield code="t">Tan sólo el monte lo sabe</subfield>
    </datafield>
    <datafield tag="505" ind1="0" ind2="0">
      <subfield code="g">p. 213-255</subfield>
      <subfield code="g">- TEATRO ARGENTINO| ANTOLOGIA</subfield>
      <subfield code="r">Matorras Cornejo, Carlos</subfield>
      <subfield code="t">El campamento de los cobardes</subfield>
    </datafield>
    <datafield tag="505" ind1="0" ind2="0">
      <subfield code="g">p. 257-299</subfield>
      <subfield code="g">- TEATRO ARGENTINO| ANTOLOGIA</subfield>
      <subfield code="r">Mateo, Francisco</subfield>
      <subfield code="t">Esteco</subfield>
    </datafield>
    <datafield tag="773" ind1="0" ind2="#">
      <subfield code="a">Sirolli, Amadeo Rodolfo</subfield>
      <subfield code="g">- TEATRO ARGENTINO| ANTOLOGIA</subfield>
      <subfield code="h">p. 17-77</subfield>
      <subfield code="t">Pacha-Mama</subfield>
    </datafield>
    <datafield tag="773" ind1="0" ind2="#">
      <subfield code="a">Lomba,  Carlos Xamena</subfield>
      <subfield code="g">- TEATRO ARGENTINO| ANTOLOGIA</subfield>
      <subfield code="h">p. 79-112</subfield>
      <subfield code="t">Ña Eloisa, la curandera</subfield>
    </datafield>
    <datafield tag="773" ind1="0" ind2="#">
      <subfield code="a">Alvarado,  Julio Barbarán</subfield>
      <subfield code="g">- TEATRO ARGENTINO| ANTOLOGIA</subfield>
      <subfield code="h">p. 115-159</subfield>
      <subfield code="t">El mal de Dios</subfield>
    </datafield>
    <datafield tag="773" ind1="0" ind2="#">
      <subfield code="a">Matorras Cornejo, Carlos</subfield>
      <subfield code="g">- TEATRO ARGENTINO| ANTOLOGIA</subfield>
      <subfield code="h">p. 167-203</subfield>
      <subfield code="t">Tan sólo el monte lo sabe</subfield>
    </datafield>
    <datafield tag="773" ind1="0" ind2="#">
      <subfield code="a">Matorras Cornejo, Carlos</subfield>
      <subfield code="g">- TEATRO ARGENTINO| ANTOLOGIA</subfield>
      <subfield code="h">p. 213-255</subfield>
      <subfield code="t">El campamento de los cobardes</subfield>
    </datafield>
    <datafield tag="773" ind1="0" ind2="#">
      <subfield code="a">Mateo, Francisco</subfield>
      <subfield code="g">- TEATRO ARGENTINO| ANTOLOGIA</subfield>
      <subfield code="h">p. 257-299</subfield>
      <subfield code="t">Esteco</subfield>
    </datafield>
    <datafield tag="942" ind1=" " ind2=" ">
      <subfield code="c">BK</subfield>
    </datafield>
    <datafield tag="952" ind1=" " ind2=" ">
      <subfield code="a">BIB_RECT</subfield>
      <subfield code="b">BIB_UARG</subfield>
      <subfield code="d">2013-09-03</subfield>
      <subfield code="y">BK</subfield>
      <subfield code="p">05-45455</subfield>
      <subfield code="i">05-45455</subfield>
      <subfield code="g">120</subfield>
      <subfield code="o">821.134.2(826.7)</subfield>
      <subfield code="e">DramaTiza</subfield>
      <subfield code="8">CG</subfield>
    </datafield>
    <datafield tag="952" ind1=" " ind2=" ">
      <subfield code="a">BIB_RECT</subfield>
      <subfield code="b">SAT_TEAT</subfield>
      <subfield code="d">2013-04-26</subfield>
      <subfield code="y">BK</subfield>
      <subfield code="p">20-44622</subfield>
      <subfield code="i">20-44622</subfield>
      <subfield code="g">45</subfield>
      <subfield code="o">821.134.2(826.7)</subfield>
      <subfield code="e">TREATUNPA</subfield>
      <subfield code="8">CG</subfield>
    </datafield>
  </record>