
  <record>
    <leader>01000aam  22002601a 4500</leader>
    <controlfield tag="001">YPZ97504</controlfield>
    <controlfield tag="003">YPZ</controlfield>
    <controlfield tag="005">201305021015410</controlfield>
    <controlfield tag="008">130502|###########||||||b||||||||||spa|d</controlfield>
    <datafield tag="040" ind1=" " ind2=" ">
      <subfield code="c">SIUNPA</subfield>
    </datafield>
    <datafield tag="041" ind1=" " ind2=" ">
      <subfield code="a">spa</subfield>
    </datafield>
    <datafield tag="044" ind1=" " ind2=" ">
      <subfield code="a">AR</subfield>
    </datafield>
    <datafield tag="080" ind1=" " ind2=" ">
      <subfield code="a">37.014 D964i2</subfield>
    </datafield>
    <datafield tag="100" ind1=" " ind2=" ">
      <subfield code="a">Duro, Elena.</subfield>
    </datafield>
    <datafield tag="700" ind1=" " ind2=" ">
      <subfield code="a">Nirenberg, Olga.</subfield>
    </datafield>
    <datafield tag="245" ind1=" " ind2=" ">
      <subfield code="a">IACE, instrumento de autoevaluación de la calidad educativa</subfield>
      <subfield code="b"> : un camino para mejorar la calidad educativa en escuelas primarias</subfield>
    </datafield>
    <datafield tag="250" ind1=" " ind2=" ">
      <subfield code="a">2a ed.</subfield>
    </datafield>
    <datafield tag="260" ind1=" " ind2=" ">
      <subfield code="a">Buenos Aires</subfield>
      <subfield code="b"> : Fondo de las Naciones Unidas para la Infancia, UNICEF</subfield>
      <subfield code="c"> , 2008</subfield>
    </datafield>
    <datafield tag="650" ind1=" " ind2=" ">
      <subfield code="a"> CALIDAD DE LA EDUCACION</subfield>
    </datafield>
    <datafield tag="650" ind1=" " ind2=" ">
      <subfield code="a"> EVALUACION</subfield>
    </datafield>
    <datafield tag="650" ind1=" " ind2=" ">
      <subfield code="a"> EDUCACION PRIMARIA</subfield>
    </datafield>
    <datafield tag="942" ind1=" " ind2=" ">
      <subfield code="c">BK</subfield>
    </datafield>
    <datafield tag="952" ind1=" " ind2=" ">
      <subfield code="a">BIB_RECT</subfield>
      <subfield code="b">BIB_UACO</subfield>
      <subfield code="d">2013-05-02</subfield>
      <subfield code="y">BK</subfield>
      <subfield code="p">02-44636</subfield>
      <subfield code="i">02-44636</subfield>
      <subfield code="g">70</subfield>
      <subfield code="o">37.014 D964i2</subfield>
      <subfield code="e">Donación</subfield>
      <subfield code="8">CG</subfield>
    </datafield>
    <datafield tag="952" ind1=" " ind2=" ">
      <subfield code="a">BIB_RECT</subfield>
      <subfield code="b">BIB_UACO</subfield>
      <subfield code="d">2013-05-02</subfield>
      <subfield code="y">BK</subfield>
      <subfield code="p">02-44637</subfield>
      <subfield code="i">02-44637</subfield>
      <subfield code="g">70</subfield>
      <subfield code="o">37.014 D964i2</subfield>
      <subfield code="e">Donación</subfield>
      <subfield code="8">CG</subfield>
    </datafield>
    <datafield tag="952" ind1=" " ind2=" ">
      <subfield code="a">BIB_RECT</subfield>
      <subfield code="b">BIB_UACO</subfield>
      <subfield code="d">2013-05-02</subfield>
      <subfield code="y">BK</subfield>
      <subfield code="p">02-44638</subfield>
      <subfield code="i">02-44638</subfield>
      <subfield code="g">70</subfield>
      <subfield code="o">37.014 D964i2</subfield>
      <subfield code="e">Donación</subfield>
      <subfield code="8">CG</subfield>
    </datafield>
    <datafield tag="952" ind1=" " ind2=" ">
      <subfield code="a">BIB_RECT</subfield>
      <subfield code="b">BIB_UACO</subfield>
      <subfield code="d">2013-05-02</subfield>
      <subfield code="y">BK</subfield>
      <subfield code="p">02-44639</subfield>
      <subfield code="i">02-44639</subfield>
      <subfield code="g">70</subfield>
      <subfield code="o">37.014 D964i2</subfield>
      <subfield code="e">Donación</subfield>
      <subfield code="8">CG</subfield>
    </datafield>
    <datafield tag="952" ind1=" " ind2=" ">
      <subfield code="a">BIB_RECT</subfield>
      <subfield code="b">BIB_UACO</subfield>
      <subfield code="d">2013-05-02</subfield>
      <subfield code="y">BK</subfield>
      <subfield code="p">02-44640</subfield>
      <subfield code="i">02-44640</subfield>
      <subfield code="g">70</subfield>
      <subfield code="o">37.014 D964i2</subfield>
      <subfield code="e">Donación</subfield>
      <subfield code="8">CG</subfield>
    </datafield>
    <datafield tag="952" ind1=" " ind2=" ">
      <subfield code="a">BIB_RECT</subfield>
      <subfield code="b">BIB_UACO</subfield>
      <subfield code="d">2013-05-02</subfield>
      <subfield code="y">BK</subfield>
      <subfield code="p">02-44641</subfield>
      <subfield code="i">02-44641</subfield>
      <subfield code="g">70</subfield>
      <subfield code="o">37.014 D964i2</subfield>
      <subfield code="e">Donación</subfield>
      <subfield code="8">CG</subfield>
    </datafield>
    <datafield tag="952" ind1=" " ind2=" ">
      <subfield code="a">BIB_RECT</subfield>
      <subfield code="b">BIB_UART</subfield>
      <subfield code="d">2013-05-02</subfield>
      <subfield code="y">BK</subfield>
      <subfield code="p">03-44633</subfield>
      <subfield code="i">03-44633</subfield>
      <subfield code="g">70</subfield>
      <subfield code="o">37.014 D964i2</subfield>
      <subfield code="e">Donación</subfield>
      <subfield code="8">CG</subfield>
    </datafield>
    <datafield tag="952" ind1=" " ind2=" ">
      <subfield code="a">BIB_RECT</subfield>
      <subfield code="b">BIB_UART</subfield>
      <subfield code="d">2013-05-02</subfield>
      <subfield code="y">BK</subfield>
      <subfield code="p">03-44634</subfield>
      <subfield code="i">03-44634</subfield>
      <subfield code="g">70</subfield>
      <subfield code="o">37.014 D964i2</subfield>
      <subfield code="e">Donación</subfield>
      <subfield code="8">CG</subfield>
    </datafield>
    <datafield tag="952" ind1=" " ind2=" ">
      <subfield code="a">BIB_RECT</subfield>
      <subfield code="b">BIB_UASJ</subfield>
      <subfield code="d">2013-05-06</subfield>
      <subfield code="y">BK</subfield>
      <subfield code="p">04-44666</subfield>
      <subfield code="i">04-44666</subfield>
      <subfield code="g">70</subfield>
      <subfield code="o">37.014 D964i2</subfield>
      <subfield code="e">Donación</subfield>
      <subfield code="8">CG</subfield>
    </datafield>
    <datafield tag="952" ind1=" " ind2=" ">
      <subfield code="a">BIB_RECT</subfield>
      <subfield code="b">BIB_UASJ</subfield>
      <subfield code="d">2013-05-06</subfield>
      <subfield code="y">BK</subfield>
      <subfield code="p">04-44667</subfield>
      <subfield code="i">04-44667</subfield>
      <subfield code="g">70</subfield>
      <subfield code="o">37.014 D964i2</subfield>
      <subfield code="e">Donación</subfield>
      <subfield code="8">CG</subfield>
    </datafield>
    <datafield tag="952" ind1=" " ind2=" ">
      <subfield code="a">BIB_RECT</subfield>
      <subfield code="b">BIB_UASJ</subfield>
      <subfield code="d">2013-05-06</subfield>
      <subfield code="y">BK</subfield>
      <subfield code="p">04-44668</subfield>
      <subfield code="i">04-44668</subfield>
      <subfield code="g">70</subfield>
      <subfield code="o">37.014 D964i2</subfield>
      <subfield code="e">Donación</subfield>
      <subfield code="8">CG</subfield>
    </datafield>
    <datafield tag="952" ind1=" " ind2=" ">
      <subfield code="a">BIB_RECT</subfield>
      <subfield code="b">BIB_UASJ</subfield>
      <subfield code="d">2013-05-06</subfield>
      <subfield code="y">BK</subfield>
      <subfield code="p">04-44669</subfield>
      <subfield code="i">04-44669</subfield>
      <subfield code="g">70</subfield>
      <subfield code="o">37.014 D964i2</subfield>
      <subfield code="e">Donación</subfield>
      <subfield code="8">CG</subfield>
    </datafield>
    <datafield tag="952" ind1=" " ind2=" ">
      <subfield code="a">BIB_RECT</subfield>
      <subfield code="b">BIB_UASJ</subfield>
      <subfield code="d">2013-05-06</subfield>
      <subfield code="y">BK</subfield>
      <subfield code="p">04-44670</subfield>
      <subfield code="i">04-44670</subfield>
      <subfield code="g">70</subfield>
      <subfield code="o">37.014 D964i2</subfield>
      <subfield code="e">Donación</subfield>
      <subfield code="8">CG</subfield>
    </datafield>
    <datafield tag="952" ind1=" " ind2=" ">
      <subfield code="a">BIB_RECT</subfield>
      <subfield code="b">BIB_UASJ</subfield>
      <subfield code="d">2013-05-06</subfield>
      <subfield code="y">BK</subfield>
      <subfield code="p">04-44671</subfield>
      <subfield code="i">04-44671</subfield>
      <subfield code="g">70</subfield>
      <subfield code="o">37.014 D964i2</subfield>
      <subfield code="e">Donación</subfield>
      <subfield code="8">CG</subfield>
    </datafield>
    <datafield tag="952" ind1=" " ind2=" ">
      <subfield code="a">BIB_RECT</subfield>
      <subfield code="b">BIB_UARG</subfield>
      <subfield code="d">2013-05-03</subfield>
      <subfield code="y">BK</subfield>
      <subfield code="p">05-44664</subfield>
      <subfield code="i">05-44664</subfield>
      <subfield code="g">70</subfield>
      <subfield code="o">37.014 D964i2</subfield>
      <subfield code="e">Donación</subfield>
      <subfield code="8">CG</subfield>
    </datafield>
    <datafield tag="952" ind1=" " ind2=" ">
      <subfield code="a">BIB_RECT</subfield>
      <subfield code="b">BIB_UARG</subfield>
      <subfield code="d">2013-05-03</subfield>
      <subfield code="y">BK</subfield>
      <subfield code="p">05-44665</subfield>
      <subfield code="i">05-44665</subfield>
      <subfield code="g">70</subfield>
      <subfield code="o">37.014 D964i2</subfield>
      <subfield code="e">Donación</subfield>
      <subfield code="8">CG</subfield>
    </datafield>
    <datafield tag="952" ind1=" " ind2=" ">
      <subfield code="a">BIB_RECT</subfield>
      <subfield code="b">SAT_TRUN</subfield>
      <subfield code="d">2013-05-06</subfield>
      <subfield code="y">BK</subfield>
      <subfield code="p">10-44677</subfield>
      <subfield code="i">10-44677</subfield>
      <subfield code="g">70</subfield>
      <subfield code="o">37.014 D964i2</subfield>
      <subfield code="e">Donación</subfield>
      <subfield code="8">CG</subfield>
    </datafield>
    <datafield tag="952" ind1=" " ind2=" ">
      <subfield code="a">BIB_RECT</subfield>
      <subfield code="b">SAT_PBNA</subfield>
      <subfield code="d">2013-05-06</subfield>
      <subfield code="y">BK</subfield>
      <subfield code="p">11-44674</subfield>
      <subfield code="i">11-44674</subfield>
      <subfield code="g">70</subfield>
      <subfield code="o">37.014 D964i2</subfield>
      <subfield code="e">Donación</subfield>
      <subfield code="8">CG</subfield>
    </datafield>
    <datafield tag="952" ind1=" " ind2=" ">
      <subfield code="a">BIB_RECT</subfield>
      <subfield code="b">SAT_CLFT</subfield>
      <subfield code="d">2013-05-06</subfield>
      <subfield code="y">BK</subfield>
      <subfield code="p">12-44679</subfield>
      <subfield code="i">12-44679</subfield>
      <subfield code="g">70</subfield>
      <subfield code="o">37.014 D964i2</subfield>
      <subfield code="e">Donación</subfield>
      <subfield code="8">CG</subfield>
    </datafield>
    <datafield tag="952" ind1=" " ind2=" ">
      <subfield code="a">BIB_RECT</subfield>
      <subfield code="b">SAT_PMDN </subfield>
      <subfield code="d">2013-05-06</subfield>
      <subfield code="y">BK</subfield>
      <subfield code="p">15-44676</subfield>
      <subfield code="i">15-44676</subfield>
      <subfield code="g">70</subfield>
      <subfield code="o">37.014 D964i2</subfield>
      <subfield code="e">Donación</subfield>
      <subfield code="8">CG</subfield>
    </datafield>
    <datafield tag="952" ind1=" " ind2=" ">
      <subfield code="a">BIB_RECT</subfield>
      <subfield code="b">SAT_PDES</subfield>
      <subfield code="d">2013-05-06</subfield>
      <subfield code="y">BK</subfield>
      <subfield code="p">16-44675</subfield>
      <subfield code="i">16-44675</subfield>
      <subfield code="g">70</subfield>
      <subfield code="o">37.014 D964i2</subfield>
      <subfield code="e">Donación</subfield>
      <subfield code="8">CG</subfield>
    </datafield>
    <datafield tag="952" ind1=" " ind2=" ">
      <subfield code="a">BIB_RECT</subfield>
      <subfield code="b">SAT_RGRA</subfield>
      <subfield code="d">2013-05-06</subfield>
      <subfield code="y">BK</subfield>
      <subfield code="p">17-44672</subfield>
      <subfield code="i">17-44672</subfield>
      <subfield code="g">70</subfield>
      <subfield code="o">37.014 D964i2</subfield>
      <subfield code="e">Donación</subfield>
      <subfield code="8">CG</subfield>
    </datafield>
    <datafield tag="952" ind1=" " ind2=" ">
      <subfield code="a">BIB_RECT</subfield>
      <subfield code="b">SAT_GREG</subfield>
      <subfield code="d">2013-05-06</subfield>
      <subfield code="y">BK</subfield>
      <subfield code="p">18-44673</subfield>
      <subfield code="i">18-44673</subfield>
      <subfield code="g">70</subfield>
      <subfield code="o">37.014 D964i2</subfield>
      <subfield code="e">Donación</subfield>
      <subfield code="8">CG</subfield>
    </datafield>
    <datafield tag="952" ind1=" " ind2=" ">
      <subfield code="a">BIB_RECT</subfield>
      <subfield code="b">SAT_USHU</subfield>
      <subfield code="d">2013-05-06</subfield>
      <subfield code="y">BK</subfield>
      <subfield code="p">19-44678</subfield>
      <subfield code="i">19-44678</subfield>
      <subfield code="g">70</subfield>
      <subfield code="o">37.014 D964i2</subfield>
      <subfield code="e">Donación</subfield>
      <subfield code="8">CG</subfield>
    </datafield>
  </record>