
  <record>
    <leader>01000aam  22002601a 4500</leader>
    <controlfield tag="001">YPZ97508</controlfield>
    <controlfield tag="003">YPZ</controlfield>
    <controlfield tag="005">201305021412480</controlfield>
    <controlfield tag="008">130502|###########||||||b||||||||||spa|d</controlfield>
    <datafield tag="040" ind1=" " ind2=" ">
      <subfield code="c">SIUNPA</subfield>
    </datafield>
    <datafield tag="041" ind1=" " ind2=" ">
      <subfield code="a">spa</subfield>
    </datafield>
    <datafield tag="044" ind1=" " ind2=" ">
      <subfield code="a">AR</subfield>
    </datafield>
    <datafield tag="080" ind1=" " ind2=" ">
      <subfield code="a">336.71 G627b</subfield>
    </datafield>
    <datafield tag="100" ind1=" " ind2=" ">
      <subfield code="a">Golonbek, Claudio.</subfield>
    </datafield>
    <datafield tag="245" ind1=" " ind2=" ">
      <subfield code="a">Banca de desarrollo en Argentina</subfield>
      <subfield code="b"> : breve historia y agenda para el debate</subfield>
    </datafield>
    <datafield tag="260" ind1=" " ind2=" ">
      <subfield code="a">Buenos Aires</subfield>
      <subfield code="b"> : CEFIDAR, Centro de Economía y Finanzas para el Desarrollo de la Argentina</subfield>
      <subfield code="c"> , 2008</subfield>
    </datafield>
    <datafield tag="440" ind1=" " ind2=" ">
      <subfield code="a">Colección tesis / Universidad Nacional de Río Cuarto</subfield>
      <subfield code="a">Psicología contemporánea</subfield>
      <subfield code="a">Colección ensayo e investigación</subfield>
      <subfield code="a">Serie homenaje al teatro argentino</subfield>
      <subfield code="a">Colección premios</subfield>
      <subfield code="a">Colección historia teatral</subfield>
      <subfield code="a">Colección estudios teatrales</subfield>
      <subfield code="a">Colección estudios teatrales</subfield>
      <subfield code="a">Serie homenaje al teatro argentino</subfield>
      <subfield code="a">Didática / Universidad Federal de Minas Gerais</subfield>
      <subfield code="a">Documento de trabajo / CEFIDAR</subfield>
      <subfield code="v">no. 21</subfield>
    </datafield>
    <datafield tag="490" ind1=" " ind2=" ">
      <subfield code="a">Colección tesis / Universidad Nacional de Río Cuarto</subfield>
      <subfield code="a">Psicología contemporánea</subfield>
      <subfield code="a">Colección ensayo e investigación</subfield>
      <subfield code="a">Serie homenaje al teatro argentino</subfield>
      <subfield code="a">Colección premios</subfield>
      <subfield code="a">Colección historia teatral</subfield>
      <subfield code="a">Colección estudios teatrales</subfield>
      <subfield code="a">Colección estudios teatrales</subfield>
      <subfield code="a">Serie homenaje al teatro argentino</subfield>
      <subfield code="a">Didática / Universidad Federal de Minas Gerais</subfield>
      <subfield code="a">Documento de trabajo / CEFIDAR</subfield>
      <subfield code="v">no. 21</subfield>
    </datafield>
    <datafield tag="650" ind1=" " ind2=" ">
      <subfield code="a"> BANCA PUBLICA  POLITICA ECONOMICA</subfield>
    </datafield>
    <datafield tag="650" ind1=" " ind2=" ">
      <subfield code="a"> SISTEMA BANCARIO</subfield>
    </datafield>
    <datafield tag="650" ind1=" " ind2=" ">
      <subfield code="a"> BANCOS DE DESARROLLO</subfield>
    </datafield>
    <datafield tag="650" ind1=" " ind2=" ">
      <subfield code="a"> ARGENTINA</subfield>
    </datafield>
    <datafield tag="942" ind1=" " ind2=" ">
      <subfield code="c">BK</subfield>
    </datafield>
    <datafield tag="952" ind1=" " ind2=" ">
      <subfield code="a">BIB_RECT</subfield>
      <subfield code="b">BIB_UACO</subfield>
      <subfield code="d">2013-05-02</subfield>
      <subfield code="y">BK</subfield>
      <subfield code="p">02-44643</subfield>
      <subfield code="i">02-44643</subfield>
      <subfield code="g">40</subfield>
      <subfield code="o">336.71 G627b</subfield>
      <subfield code="e">Donación</subfield>
      <subfield code="8">CG</subfield>
    </datafield>
  </record>