
  <record>
    <leader>01000aam  22002601a 4500</leader>
    <controlfield tag="001">YPZ97511</controlfield>
    <controlfield tag="003">YPZ</controlfield>
    <controlfield tag="005">201305021530420</controlfield>
    <controlfield tag="008">130502|###########||||||b||||||||||spa|d</controlfield>
    <datafield tag="020" ind1=" " ind2=" ">
      <subfield code="a">9789870233589</subfield>
    </datafield>
    <datafield tag="040" ind1=" " ind2=" ">
      <subfield code="c">SIUNPA</subfield>
    </datafield>
    <datafield tag="041" ind1=" " ind2=" ">
      <subfield code="a">spa</subfield>
    </datafield>
    <datafield tag="044" ind1=" " ind2=" ">
      <subfield code="a">AR</subfield>
    </datafield>
    <datafield tag="080" ind1=" " ind2=" ">
      <subfield code="a">94(82)(092) L979e2</subfield>
    </datafield>
    <datafield tag="100" ind1=" " ind2=" ">
      <subfield code="a">Luzuriaga, Anibal Jorge.</subfield>
    </datafield>
    <datafield tag="245" ind1=" " ind2=" ">
      <subfield code="a">Enrique Luzuriaga</subfield>
      <subfield code="b"> : soldado, estadista, civilizador y precursor del desarrollo del Chaco Austral</subfield>
    </datafield>
    <datafield tag="250" ind1=" " ind2=" ">
      <subfield code="a">2a ed.</subfield>
    </datafield>
    <datafield tag="260" ind1=" " ind2=" ">
      <subfield code="a">Buenos Aires</subfield>
      <subfield code="b"> : Dunken</subfield>
      <subfield code="c"> , 2008</subfield>
    </datafield>
    <datafield tag="300" ind1=" " ind2=" ">
      <subfield code="a">213 p. : </subfield>
      <subfield code="a">3 v. : </subfield>
      <subfield code="a">305 p. : </subfield>
      <subfield code="a">301 p. : </subfield>
      <subfield code="a">173 p. : </subfield>
      <subfield code="a">244 p. : </subfield>
      <subfield code="a">v. : </subfield>
      <subfield code="a">121 p. : </subfield>
      <subfield code="b">il. ; </subfield>
      <subfield code="a">224 p. : </subfield>
      <subfield code="b">il. ; </subfield>
      <subfield code="a">60 p. : </subfield>
      <subfield code="a">44 p. : </subfield>
      <subfield code="b">il. ; </subfield>
      <subfield code="a">80 p. : </subfield>
      <subfield code="b">il. ; </subfield>
      <subfield code="a">250 p. : </subfield>
      <subfield code="a">246 p. : </subfield>
      <subfield code="b">il. ; </subfield>
      <subfield code="e">1 CD-ROM en bolsillo</subfield>
    </datafield>
    <datafield tag="650" ind1=" " ind2=" ">
      <subfield code="a"> HISTORIA ARGENTINA</subfield>
    </datafield>
    <datafield tag="650" ind1=" " ind2=" ">
      <subfield code="a"> BIOGRAFIA</subfield>
    </datafield>
    <datafield tag="650" ind1=" " ind2=" ">
      <subfield code="a"> LUZURIAGA, ENRIQUE MIGUEL (1844</subfield>
    </datafield>
    <datafield tag="650" ind1=" " ind2=" ">
      <subfield code="a">1930)</subfield>
    </datafield>
    <datafield tag="650" ind1=" " ind2=" ">
      <subfield code="a"> CHACO (ARGENTINA)</subfield>
    </datafield>
    <datafield tag="942" ind1=" " ind2=" ">
      <subfield code="c">BK</subfield>
    </datafield>
    <datafield tag="952" ind1=" " ind2=" ">
      <subfield code="a">BIB_RECT</subfield>
      <subfield code="b">BIB_UARG</subfield>
      <subfield code="d">2013-05-02</subfield>
      <subfield code="y">BK</subfield>
      <subfield code="p">05-44657</subfield>
      <subfield code="i">05-44657</subfield>
      <subfield code="g">60</subfield>
      <subfield code="o">94(82)(092) L979e2</subfield>
      <subfield code="e">Donación</subfield>
      <subfield code="8">CG</subfield>
    </datafield>
  </record>