
  <record>
    <leader>01000aam  22002601a 4500</leader>
    <controlfield tag="001">YPZ97538</controlfield>
    <controlfield tag="003">YPZ</controlfield>
    <controlfield tag="005">201305091339110</controlfield>
    <controlfield tag="008">130509|###########||||||b||||||||||spa|d</controlfield>
    <datafield tag="020" ind1=" " ind2=" ">
      <subfield code="a">9872195706</subfield>
    </datafield>
    <datafield tag="040" ind1=" " ind2=" ">
      <subfield code="c">SIUNPA</subfield>
    </datafield>
    <datafield tag="041" ind1=" " ind2=" ">
      <subfield code="a">spa</subfield>
      <subfield code="a">eng</subfield>
    </datafield>
    <datafield tag="044" ind1=" " ind2=" ">
      <subfield code="a">AR</subfield>
    </datafield>
    <datafield tag="080" ind1=" " ind2=" ">
      <subfield code="a">316.723 M517r</subfield>
    </datafield>
    <datafield tag="100" ind1=" " ind2=" ">
      <subfield code="a">Melamed, Diego, investigación y texto.</subfield>
    </datafield>
    <datafield tag="245" ind1=" " ind2=" ">
      <subfield code="a">Retratos de una comunidad</subfield>
      <subfield code="b"> : album fotográfico de la comunidad judía</subfield>
      <subfield code="c"> / Kapszuk, Elio, idea, producción y dir. general ; Caldirola, Daniel, fot. ; D'Angelo, Gabriela, tr. ; Goldman, Joe, corr. de la versión del inglés</subfield>
    </datafield>
    <datafield tag="246" ind1=" " ind2=" ">
      <subfield code="a">Portraits of a community.</subfield>
    </datafield>
    <datafield tag="260" ind1=" " ind2=" ">
      <subfield code="a">Buenos Aires</subfield>
      <subfield code="b"> : AMIA, Asociación Mutual Israelita Argentina</subfield>
      <subfield code="c"> , 2005</subfield>
    </datafield>
    <datafield tag="500" ind1=" " ind2=" ">
      <subfield code="a">Otro Subtít.: photographic album of the jewish community</subfield>
    </datafield>
    <datafield tag="500" ind1=" " ind2=" ">
      <subfield code="a">Una edición especial de AMIA Comunidad Judía en su 110º Aniversario / A special edition of AMIA Jewish Community for its 110 th Anniversary</subfield>
    </datafield>
    <datafield tag="650" ind1=" " ind2=" ">
      <subfield code="a"> SOCIOLOGIA CULTURAL</subfield>
    </datafield>
    <datafield tag="650" ind1=" " ind2=" ">
      <subfield code="a"> COMUNIDAD JUDIA</subfield>
    </datafield>
    <datafield tag="650" ind1=" " ind2=" ">
      <subfield code="a"> JUDIO</subfield>
    </datafield>
    <datafield tag="650" ind1=" " ind2=" ">
      <subfield code="a"> ARGENTINA</subfield>
    </datafield>
    <datafield tag="942" ind1=" " ind2=" ">
      <subfield code="c">BK</subfield>
    </datafield>
    <datafield tag="952" ind1=" " ind2=" ">
      <subfield code="a">BIB_RECT</subfield>
      <subfield code="b">BIB_UARG</subfield>
      <subfield code="d">2013-05-09</subfield>
      <subfield code="y">BK</subfield>
      <subfield code="p">05-44680</subfield>
      <subfield code="i">05-44680</subfield>
      <subfield code="g">130</subfield>
      <subfield code="o">316.723 M517r</subfield>
      <subfield code="e">Donación IRC USA</subfield>
      <subfield code="8">CG</subfield>
    </datafield>
  </record>