
  <record>
    <leader>01000aam  22002601a 4500</leader>
    <controlfield tag="001">YPZ97539</controlfield>
    <controlfield tag="003">YPZ</controlfield>
    <controlfield tag="005">201305091440190</controlfield>
    <controlfield tag="008">130509|###########||||||b||||||||||spa|d</controlfield>
    <datafield tag="040" ind1=" " ind2=" ">
      <subfield code="c">SIUNPA</subfield>
    </datafield>
    <datafield tag="041" ind1=" " ind2=" ">
      <subfield code="a">spa</subfield>
    </datafield>
    <datafield tag="044" ind1=" " ind2=" ">
      <subfield code="a">AR</subfield>
    </datafield>
    <datafield tag="080" ind1=" " ind2=" ">
      <subfield code="a">94(82)(092) G643h</subfield>
    </datafield>
    <datafield tag="100" ind1=" " ind2=" ">
      <subfield code="a">González Arrili, Bernardo.</subfield>
    </datafield>
    <datafield tag="245" ind1=" " ind2=" ">
      <subfield code="a">Historia de la Argentina</subfield>
      <subfield code="b"> : según las biografías de sus hombres y mujeres</subfield>
    </datafield>
    <datafield tag="260" ind1=" " ind2=" ">
      <subfield code="a">Buenos Aires</subfield>
      <subfield code="b"> : Nobis</subfield>
      <subfield code="c"> , [1966]</subfield>
    </datafield>
    <datafield tag="500" ind1=" " ind2=" ">
      <subfield code="a">Copy left: Biblioteca del Congreso de la Nación Argentina</subfield>
    </datafield>
    <datafield tag="500" ind1=" " ind2=" ">
      <subfield code="a">La biblioteca posee v.1 y 3-10</subfield>
    </datafield>
    <datafield tag="650" ind1=" " ind2=" ">
      <subfield code="a"> HISTORIA ARGENTINA</subfield>
    </datafield>
    <datafield tag="650" ind1=" " ind2=" ">
      <subfield code="a"> BIOGRAFIA</subfield>
    </datafield>
    <datafield tag="942" ind1=" " ind2=" ">
      <subfield code="c">BK</subfield>
    </datafield>
    <datafield tag="952" ind1=" " ind2=" ">
      <subfield code="a">BIB_RECT</subfield>
      <subfield code="b">BIB_UARG</subfield>
      <subfield code="d">2013-05-10</subfield>
      <subfield code="y">BK</subfield>
      <subfield code="p">05-44687</subfield>
      <subfield code="i">05-44687</subfield>
      <subfield code="g">89</subfield>
      <subfield code="o">94(82)(092) G643h</subfield>
      <subfield code="e">Donación Dosantos, Mabel</subfield>
      <subfield code="8">CG</subfield>
    </datafield>
    <datafield tag="952" ind1=" " ind2=" ">
      <subfield code="a">BIB_RECT</subfield>
      <subfield code="b">BIB_UARG</subfield>
      <subfield code="d">2013-05-10</subfield>
      <subfield code="y">BK</subfield>
      <subfield code="p">05-44688</subfield>
      <subfield code="i">05-44688</subfield>
      <subfield code="g">89</subfield>
      <subfield code="o">94(82)(092) G643h</subfield>
      <subfield code="e">Donación Dosantos, Mabel</subfield>
      <subfield code="8">CG</subfield>
    </datafield>
    <datafield tag="952" ind1=" " ind2=" ">
      <subfield code="a">BIB_RECT</subfield>
      <subfield code="b">BIB_UARG</subfield>
      <subfield code="d">2013-05-09</subfield>
      <subfield code="y">BK</subfield>
      <subfield code="p">05-44689</subfield>
      <subfield code="i">05-44689</subfield>
      <subfield code="g">89</subfield>
      <subfield code="o">94(82)(092) G643h</subfield>
      <subfield code="e">Donación Dosantos, Mabel</subfield>
      <subfield code="8">CG</subfield>
    </datafield>
    <datafield tag="952" ind1=" " ind2=" ">
      <subfield code="a">BIB_RECT</subfield>
      <subfield code="b">BIB_UARG</subfield>
      <subfield code="d">2013-05-09</subfield>
      <subfield code="y">BK</subfield>
      <subfield code="p">05-44690</subfield>
      <subfield code="i">05-44690</subfield>
      <subfield code="g">89</subfield>
      <subfield code="o">94(82)(092) G643h</subfield>
      <subfield code="e">Donación Dosantos, Mabel</subfield>
      <subfield code="8">CG</subfield>
    </datafield>
    <datafield tag="952" ind1=" " ind2=" ">
      <subfield code="a">BIB_RECT</subfield>
      <subfield code="b">BIB_UARG</subfield>
      <subfield code="d">2013-05-10</subfield>
      <subfield code="y">BK</subfield>
      <subfield code="p">05-44691</subfield>
      <subfield code="i">05-44691</subfield>
      <subfield code="g">89</subfield>
      <subfield code="o">94(82)(092) G643h</subfield>
      <subfield code="e">Donación Dosantos, Mabel</subfield>
      <subfield code="8">CG</subfield>
    </datafield>
    <datafield tag="952" ind1=" " ind2=" ">
      <subfield code="a">BIB_RECT</subfield>
      <subfield code="b">BIB_UARG</subfield>
      <subfield code="d">2013-05-10</subfield>
      <subfield code="y">BK</subfield>
      <subfield code="p">05-44692</subfield>
      <subfield code="i">05-44692</subfield>
      <subfield code="g">89</subfield>
      <subfield code="o">94(82)(092) G643h</subfield>
      <subfield code="e">Donación Dosantos, Mabel</subfield>
      <subfield code="8">CG</subfield>
    </datafield>
    <datafield tag="952" ind1=" " ind2=" ">
      <subfield code="a">BIB_RECT</subfield>
      <subfield code="b">BIB_UARG</subfield>
      <subfield code="d">2013-05-10</subfield>
      <subfield code="y">BK</subfield>
      <subfield code="p">05-44693</subfield>
      <subfield code="i">05-44693</subfield>
      <subfield code="g">89</subfield>
      <subfield code="o">94(82)(092) G643h</subfield>
      <subfield code="e">Donación Dosantos, Mabel</subfield>
      <subfield code="8">CG</subfield>
    </datafield>
    <datafield tag="952" ind1=" " ind2=" ">
      <subfield code="a">BIB_RECT</subfield>
      <subfield code="b">BIB_UARG</subfield>
      <subfield code="d">2013-05-09</subfield>
      <subfield code="y">BK</subfield>
      <subfield code="p">05-44694</subfield>
      <subfield code="i">05-44694</subfield>
      <subfield code="g">89</subfield>
      <subfield code="o">94(82)(092) G643h</subfield>
      <subfield code="e">Donación Dosantos, Mabel</subfield>
      <subfield code="8">CG</subfield>
    </datafield>
    <datafield tag="952" ind1=" " ind2=" ">
      <subfield code="a">BIB_RECT</subfield>
      <subfield code="b">BIB_UARG</subfield>
      <subfield code="d">2013-05-09</subfield>
      <subfield code="y">BK</subfield>
      <subfield code="p">05-44695</subfield>
      <subfield code="i">05-44695</subfield>
      <subfield code="g">89</subfield>
      <subfield code="o">94(82)(092) G643h</subfield>
      <subfield code="e">Donación Dosantos, Mabel</subfield>
      <subfield code="8">CG</subfield>
    </datafield>
  </record>