
  <record>
    <leader>01000aam  22002601a 4500</leader>
    <controlfield tag="001">YPZ97549</controlfield>
    <controlfield tag="003">YPZ</controlfield>
    <controlfield tag="005">201305131416510</controlfield>
    <controlfield tag="008">130513|###########||||||b||||||||||spa|d</controlfield>
    <datafield tag="020" ind1=" " ind2=" ">
      <subfield code="a">033367667X</subfield>
    </datafield>
    <datafield tag="040" ind1=" " ind2=" ">
      <subfield code="c">SIUNPA</subfield>
    </datafield>
    <datafield tag="041" ind1=" " ind2=" ">
      <subfield code="a">eng</subfield>
    </datafield>
    <datafield tag="044" ind1=" " ind2=" ">
      <subfield code="a">UK</subfield>
    </datafield>
    <datafield tag="080" ind1=" " ind2=" ">
      <subfield code="a">R330(038) N532n</subfield>
    </datafield>
    <datafield tag="245" ind1=" " ind2=" ">
      <subfield code="a">The new Palgrave dictionary of economics and the law</subfield>
      <subfield code="c"> / Newman, Peter, ed.</subfield>
    </datafield>
    <datafield tag="260" ind1=" " ind2=" ">
      <subfield code="a">Londres</subfield>
      <subfield code="b"> : Macmillan Reference</subfield>
      <subfield code="c"> , 1998</subfield>
    </datafield>
    <datafield tag="650" ind1=" " ind2=" ">
      <subfield code="a"> ECONOMIA</subfield>
    </datafield>
    <datafield tag="650" ind1=" " ind2=" ">
      <subfield code="a"> DERECHO ECONOMICO</subfield>
    </datafield>
    <datafield tag="650" ind1=" " ind2=" ">
      <subfield code="a"> DICCIONARIO</subfield>
    </datafield>
    <datafield tag="942" ind1=" " ind2=" ">
      <subfield code="c">BK</subfield>
    </datafield>
    <datafield tag="952" ind1=" " ind2=" ">
      <subfield code="a">BIB_RECT</subfield>
      <subfield code="b">BIB_UACO</subfield>
      <subfield code="d">2013-05-13</subfield>
      <subfield code="y">BK</subfield>
      <subfield code="p">02-44699</subfield>
      <subfield code="i">02-44699</subfield>
      <subfield code="g">300</subfield>
      <subfield code="o">R330(038) N532n</subfield>
      <subfield code="e">Donación IRC USA</subfield>
      <subfield code="8">CR</subfield>
    </datafield>
    <datafield tag="952" ind1=" " ind2=" ">
      <subfield code="a">BIB_RECT</subfield>
      <subfield code="b">BIB_UACO</subfield>
      <subfield code="d">2013-05-13</subfield>
      <subfield code="y">BK</subfield>
      <subfield code="p">02-44700</subfield>
      <subfield code="i">02-44700</subfield>
      <subfield code="g">300</subfield>
      <subfield code="o">R330(038) N532n</subfield>
      <subfield code="e">Donación IRC USA</subfield>
      <subfield code="8">CR</subfield>
    </datafield>
    <datafield tag="952" ind1=" " ind2=" ">
      <subfield code="a">BIB_RECT</subfield>
      <subfield code="b">BIB_UACO</subfield>
      <subfield code="d">2013-05-13</subfield>
      <subfield code="y">BK</subfield>
      <subfield code="p">02-44701</subfield>
      <subfield code="i">02-44701</subfield>
      <subfield code="g">300</subfield>
      <subfield code="o">R330(038) N532n</subfield>
      <subfield code="e">Donación IRC USA</subfield>
      <subfield code="8">CR</subfield>
    </datafield>
  </record>