
  <record>
    <leader>01000aam  22002601a 4500</leader>
    <controlfield tag="001">YPZ97552</controlfield>
    <controlfield tag="003">YPZ</controlfield>
    <controlfield tag="005">201305131527200</controlfield>
    <controlfield tag="008">130513|###########||||||b||||||||||spa|d</controlfield>
    <datafield tag="020" ind1=" " ind2=" ">
      <subfield code="a">0333527224</subfield>
    </datafield>
    <datafield tag="040" ind1=" " ind2=" ">
      <subfield code="c">SIUNPA</subfield>
    </datafield>
    <datafield tag="041" ind1=" " ind2=" ">
      <subfield code="a">eng</subfield>
    </datafield>
    <datafield tag="044" ind1=" " ind2=" ">
      <subfield code="a">UK</subfield>
    </datafield>
    <datafield tag="080" ind1=" " ind2=" ">
      <subfield code="a">R336.7(038) N532n</subfield>
    </datafield>
    <datafield tag="245" ind1=" " ind2=" ">
      <subfield code="a"/>
      <subfield code="c"> / Newman, Peter, ed. ; Milgate, Murray, ed. ; Eatwell, John, ed.</subfield>
    </datafield>
    <datafield tag="260" ind1=" " ind2=" ">
      <subfield code="a">Londres</subfield>
      <subfield code="b"> : Macmillan Reference</subfield>
      <subfield code="c"> , 1997</subfield>
    </datafield>
    <datafield tag="650" ind1=" " ind2=" ">
      <subfield code="a"> FINANZAS</subfield>
    </datafield>
    <datafield tag="650" ind1=" " ind2=" ">
      <subfield code="a"> MONEDA</subfield>
    </datafield>
    <datafield tag="650" ind1=" " ind2=" ">
      <subfield code="a"> DICCIONARIO</subfield>
    </datafield>
    <datafield tag="942" ind1=" " ind2=" ">
      <subfield code="c">BK</subfield>
    </datafield>
    <datafield tag="952" ind1=" " ind2=" ">
      <subfield code="a">BIB_RECT</subfield>
      <subfield code="b">BIB_UACO</subfield>
      <subfield code="d">2013-05-09</subfield>
      <subfield code="y">BK</subfield>
      <subfield code="p">02-44696</subfield>
      <subfield code="i">02-44696</subfield>
      <subfield code="g">350</subfield>
      <subfield code="o">R336.7(038) N532n</subfield>
      <subfield code="e">Donación IRC USA</subfield>
      <subfield code="8">CR</subfield>
    </datafield>
    <datafield tag="952" ind1=" " ind2=" ">
      <subfield code="a">BIB_RECT</subfield>
      <subfield code="b">BIB_UACO</subfield>
      <subfield code="d">2013-05-09</subfield>
      <subfield code="y">BK</subfield>
      <subfield code="p">02-44697</subfield>
      <subfield code="i">02-44697</subfield>
      <subfield code="g">350</subfield>
      <subfield code="o">R336.7(038) N532n</subfield>
      <subfield code="e">Donación IRC USA</subfield>
      <subfield code="8">CR</subfield>
    </datafield>
    <datafield tag="952" ind1=" " ind2=" ">
      <subfield code="a">BIB_RECT</subfield>
      <subfield code="b">BIB_UACO</subfield>
      <subfield code="d">2013-05-09</subfield>
      <subfield code="y">BK</subfield>
      <subfield code="p">02-44698</subfield>
      <subfield code="i">02-44698</subfield>
      <subfield code="g">350</subfield>
      <subfield code="o">R336.7(038) N532n</subfield>
      <subfield code="e">Donación IRC USA</subfield>
      <subfield code="8">CR</subfield>
    </datafield>
  </record>