
  <record>
    <leader>01000aam  22002601a 4500</leader>
    <controlfield tag="001">YPZ97607</controlfield>
    <controlfield tag="003">YPZ</controlfield>
    <controlfield tag="005">201305211432480</controlfield>
    <controlfield tag="008">130521|###########||||||b||||||||||spa|d</controlfield>
    <datafield tag="040" ind1=" " ind2=" ">
      <subfield code="c">SIUNPA</subfield>
    </datafield>
    <datafield tag="041" ind1=" " ind2=" ">
      <subfield code="a">spa</subfield>
    </datafield>
    <datafield tag="044" ind1=" " ind2=" ">
      <subfield code="a">SU</subfield>
    </datafield>
    <datafield tag="080" ind1=" " ind2=" ">
      <subfield code="a">517.2 P677c6</subfield>
    </datafield>
    <datafield tag="100" ind1=" " ind2=" ">
      <subfield code="a">Piskunov, N..</subfield>
    </datafield>
    <datafield tag="245" ind1=" " ind2=" ">
      <subfield code="a">Cálculo diferencial e integral</subfield>
      <subfield code="c"> / Medkov, K., tr. del ruso</subfield>
    </datafield>
    <datafield tag="250" ind1=" " ind2=" ">
      <subfield code="a">6a ed.</subfield>
    </datafield>
    <datafield tag="260" ind1=" " ind2=" ">
      <subfield code="a">Moscú</subfield>
      <subfield code="b"> : Mir</subfield>
      <subfield code="c"> , 1983</subfield>
    </datafield>
    <datafield tag="650" ind1=" " ind2=" ">
      <subfield code="a"> CALCULO DIFERENCIAL</subfield>
    </datafield>
    <datafield tag="650" ind1=" " ind2=" ">
      <subfield code="a"> CALCULO INTEGRAL</subfield>
    </datafield>
    <datafield tag="942" ind1=" " ind2=" ">
      <subfield code="c">BK</subfield>
    </datafield>
    <datafield tag="952" ind1=" " ind2=" ">
      <subfield code="a">BIB_RECT</subfield>
      <subfield code="b">BIB_UACO</subfield>
      <subfield code="d">2013-05-21</subfield>
      <subfield code="y">BK</subfield>
      <subfield code="p">02-44727</subfield>
      <subfield code="i">02-44727</subfield>
      <subfield code="g">120</subfield>
      <subfield code="o">517.2 P677c6</subfield>
      <subfield code="e">Donación Prof. Gimenez, Carlos</subfield>
      <subfield code="8">CG</subfield>
    </datafield>
    <datafield tag="952" ind1=" " ind2=" ">
      <subfield code="a">BIB_RECT</subfield>
      <subfield code="b">BIB_UACO</subfield>
      <subfield code="d">2013-05-21</subfield>
      <subfield code="y">BK</subfield>
      <subfield code="p">02-44728</subfield>
      <subfield code="i">02-44728</subfield>
      <subfield code="g">120</subfield>
      <subfield code="o">517.2 P677c6</subfield>
      <subfield code="e">Donación Prof. Gimenez, Carlos</subfield>
      <subfield code="8">CG</subfield>
    </datafield>
    <datafield tag="952" ind1=" " ind2=" ">
      <subfield code="a">BIB_RECT</subfield>
      <subfield code="b">BIB_UARG</subfield>
      <subfield code="d">2013-05-21</subfield>
      <subfield code="y">BK</subfield>
      <subfield code="p">05-06577</subfield>
      <subfield code="i">05-06577</subfield>
      <subfield code="g">120</subfield>
      <subfield code="o">517.2 P677c6</subfield>
      <subfield code="e">Migración UARG</subfield>
      <subfield code="8">CG</subfield>
    </datafield>
    <datafield tag="952" ind1=" " ind2=" ">
      <subfield code="a">BIB_RECT</subfield>
      <subfield code="b">BIB_UARG</subfield>
      <subfield code="d">2013-05-21</subfield>
      <subfield code="y">BK</subfield>
      <subfield code="p">05-06578</subfield>
      <subfield code="i">05-06578</subfield>
      <subfield code="g">120</subfield>
      <subfield code="o">517.2 P677c6</subfield>
      <subfield code="e">DPTO.MATEMATICA/89</subfield>
      <subfield code="8">CG</subfield>
    </datafield>
  </record>