
  <record>
    <leader>01000aam  22002601a 4500</leader>
    <controlfield tag="001">YPZ97613</controlfield>
    <controlfield tag="003">YPZ</controlfield>
    <controlfield tag="005">201305221335500</controlfield>
    <controlfield tag="008">130522|###########||||||b||||||||||spa|d</controlfield>
    <datafield tag="020" ind1=" " ind2=" ">
      <subfield code="a">9789500307208</subfield>
    </datafield>
    <datafield tag="040" ind1=" " ind2=" ">
      <subfield code="c">SIUNPA</subfield>
    </datafield>
    <datafield tag="041" ind1=" " ind2=" ">
      <subfield code="a">spa</subfield>
    </datafield>
    <datafield tag="044" ind1=" " ind2=" ">
      <subfield code="a">ES</subfield>
    </datafield>
    <datafield tag="080" ind1=" " ind2=" ">
      <subfield code="a">821.14'02 E779t</subfield>
    </datafield>
    <datafield tag="100" ind1=" " ind2=" ">
      <subfield code="a">Esquilo.</subfield>
    </datafield>
    <datafield tag="245" ind1=" " ind2=" ">
      <subfield code="a">Tragedias</subfield>
      <subfield code="c"> / Brieva Salvatierra, Fernando Segundo, tr. ; Henríquez Ureña, Pedro, introd.</subfield>
    </datafield>
    <datafield tag="250" ind1=" " ind2=" ">
      <subfield code="a">1a ed.</subfield>
    </datafield>
    <datafield tag="260" ind1=" " ind2=" ">
      <subfield code="a">Buenos aires</subfield>
      <subfield code="b"> : Losada</subfield>
      <subfield code="c"> , 2008</subfield>
    </datafield>
    <datafield tag="440" ind1=" " ind2=" ">
      <subfield code="a">Sección obras de Economía</subfield>
      <subfield code="a">Clásicos Losada</subfield>
      <subfield code="v">171</subfield>
    </datafield>
    <datafield tag="490" ind1=" " ind2=" ">
      <subfield code="a">Sección obras de Economía</subfield>
      <subfield code="a">Clásicos Losada</subfield>
      <subfield code="v">171</subfield>
    </datafield>
    <datafield tag="650" ind1=" " ind2=" ">
      <subfield code="a"> LITERATURA GRIEGA</subfield>
    </datafield>
    <datafield tag="650" ind1=" " ind2=" ">
      <subfield code="a"> TEATRO GRIEGO</subfield>
    </datafield>
    <datafield tag="505" ind1="0" ind2="0">
      <subfield code="g">p. 21-69</subfield>
      <subfield code="g">- LITERATURA GRIEGA|- TEATRO GRIEGO</subfield>
      <subfield code="r">Esquilo</subfield>
      <subfield code="t">Las Suplicantes</subfield>
    </datafield>
    <datafield tag="505" ind1="0" ind2="0">
      <subfield code="g">p. 71-118</subfield>
      <subfield code="g">- LITERATURA GRIEGA|- TEATRO GRIEGO</subfield>
      <subfield code="r">Esquilo</subfield>
      <subfield code="t">Los persas</subfield>
    </datafield>
    <datafield tag="505" ind1="0" ind2="0">
      <subfield code="g">p. 119-162</subfield>
      <subfield code="g">- LITERATURA GRIEGA|- TEATRO GRIEGO</subfield>
      <subfield code="r">Esquilo</subfield>
      <subfield code="t">Prometeo encadenado</subfield>
    </datafield>
    <datafield tag="505" ind1="0" ind2="0">
      <subfield code="g">p. 163-212</subfield>
      <subfield code="g">- LITERATURA GRIEGA|- TEATRO GRIEGO</subfield>
      <subfield code="r">Esquilo</subfield>
      <subfield code="t">Los siete contra Tebas</subfield>
    </datafield>
    <datafield tag="505" ind1="0" ind2="0">
      <subfield code="g">p. 213-376</subfield>
      <subfield code="g">- LITERATURA GRIEGA|- TEATRO GRIEGO</subfield>
      <subfield code="r">Esquilo</subfield>
      <subfield code="t">La Orestía</subfield>
    </datafield>
    <datafield tag="773" ind1="0" ind2="#">
      <subfield code="a">Esquilo</subfield>
      <subfield code="g">- LITERATURA GRIEGA|- TEATRO GRIEGO</subfield>
      <subfield code="h">p. 21-69</subfield>
      <subfield code="t">Las Suplicantes</subfield>
    </datafield>
    <datafield tag="773" ind1="0" ind2="#">
      <subfield code="a">Esquilo</subfield>
      <subfield code="g">- LITERATURA GRIEGA|- TEATRO GRIEGO</subfield>
      <subfield code="h">p. 71-118</subfield>
      <subfield code="t">Los persas</subfield>
    </datafield>
    <datafield tag="773" ind1="0" ind2="#">
      <subfield code="a">Esquilo</subfield>
      <subfield code="g">- LITERATURA GRIEGA|- TEATRO GRIEGO</subfield>
      <subfield code="h">p. 119-162</subfield>
      <subfield code="t">Prometeo encadenado</subfield>
    </datafield>
    <datafield tag="773" ind1="0" ind2="#">
      <subfield code="a">Esquilo</subfield>
      <subfield code="g">- LITERATURA GRIEGA|- TEATRO GRIEGO</subfield>
      <subfield code="h">p. 163-212</subfield>
      <subfield code="t">Los siete contra Tebas</subfield>
    </datafield>
    <datafield tag="773" ind1="0" ind2="#">
      <subfield code="a">Esquilo</subfield>
      <subfield code="g">- LITERATURA GRIEGA|- TEATRO GRIEGO</subfield>
      <subfield code="h">p. 213-376</subfield>
      <subfield code="t">La Orestía</subfield>
    </datafield>
    <datafield tag="942" ind1=" " ind2=" ">
      <subfield code="c">BK</subfield>
    </datafield>
    <datafield tag="952" ind1=" " ind2=" ">
      <subfield code="a">BIB_RECT</subfield>
      <subfield code="b">BIB_UARG</subfield>
      <subfield code="d">2013-05-22</subfield>
      <subfield code="y">BK</subfield>
      <subfield code="p">05-44739</subfield>
      <subfield code="i">05-44739</subfield>
      <subfield code="g">75</subfield>
      <subfield code="o">821.14'02 E779t</subfield>
      <subfield code="e">Compra SB-UE/13</subfield>
      <subfield code="8">CG</subfield>
    </datafield>
  </record>