
  <record>
    <leader>01000aam  22002601a 4500</leader>
    <controlfield tag="001">YPZ97622</controlfield>
    <controlfield tag="003">YPZ</controlfield>
    <controlfield tag="005">201305231137460</controlfield>
    <controlfield tag="008">130523|###########||||||b||||||||||spa|d</controlfield>
    <datafield tag="020" ind1=" " ind2=" ">
      <subfield code="a">9789872666804</subfield>
    </datafield>
    <datafield tag="040" ind1=" " ind2=" ">
      <subfield code="c">SIUNPA</subfield>
    </datafield>
    <datafield tag="041" ind1=" " ind2=" ">
      <subfield code="a">spa</subfield>
    </datafield>
    <datafield tag="044" ind1=" " ind2=" ">
      <subfield code="a">AR</subfield>
    </datafield>
    <datafield tag="080" ind1=" " ind2=" ">
      <subfield code="a">821.111 B996m</subfield>
    </datafield>
    <datafield tag="100" ind1=" " ind2=" ">
      <subfield code="a">Byron, Lord.</subfield>
    </datafield>
    <datafield tag="700" ind1=" " ind2=" ">
      <subfield code="a">Byron, George Gordon Byron, Baron, seud..</subfield>
    </datafield>
    <datafield tag="245" ind1=" " ind2=" ">
      <subfield code="a">Manfred</subfield>
      <subfield code="c"> / Ehrendost, E. Von, ed., pról., notas y tr.</subfield>
    </datafield>
    <datafield tag="260" ind1=" " ind2=" ">
      <subfield code="a">Buenos Aires</subfield>
      <subfield code="b"> : Alastor</subfield>
      <subfield code="c"> , 2011</subfield>
    </datafield>
    <datafield tag="650" ind1=" " ind2=" ">
      <subfield code="a"> LITERATURA INGLESA</subfield>
    </datafield>
    <datafield tag="650" ind1=" " ind2=" ">
      <subfield code="a"> TEATRO INGLES</subfield>
    </datafield>
    <datafield tag="505" ind1="0" ind2="0">
      <subfield code="g">p. 75-133</subfield>
      <subfield code="g">- LITERATURA INGLESA|- TEATRO INGLES</subfield>
      <subfield code="r">Byron, George Gordon Byron, Baron</subfield>
      <subfield code="t">Caín</subfield>
    </datafield>
    <datafield tag="773" ind1="0" ind2="#">
      <subfield code="a">Byron, George Gordon Byron, Baron</subfield>
      <subfield code="g">- LITERATURA INGLESA|- TEATRO INGLES</subfield>
      <subfield code="h">p. 75-133</subfield>
      <subfield code="t">Caín</subfield>
    </datafield>
    <datafield tag="942" ind1=" " ind2=" ">
      <subfield code="c">BK</subfield>
    </datafield>
    <datafield tag="952" ind1=" " ind2=" ">
      <subfield code="a">BIB_RECT</subfield>
      <subfield code="b">BIB_UARG</subfield>
      <subfield code="d">2013-05-23</subfield>
      <subfield code="y">BK</subfield>
      <subfield code="p">05-44738</subfield>
      <subfield code="i">05-44738</subfield>
      <subfield code="g">35</subfield>
      <subfield code="o">821.111 B996m</subfield>
      <subfield code="e">Román, Matías</subfield>
      <subfield code="8">CG</subfield>
    </datafield>
  </record>