
  <record>
    <leader>01000aam  22002601a 4500</leader>
    <controlfield tag="001">YPZ97631</controlfield>
    <controlfield tag="003">YPZ</controlfield>
    <controlfield tag="005">201305241806430</controlfield>
    <controlfield tag="008">130524|###########||||||b||||||||||spa|d</controlfield>
    <datafield tag="020" ind1=" " ind2=" ">
      <subfield code="a">9788494066610</subfield>
    </datafield>
    <datafield tag="040" ind1=" " ind2=" ">
      <subfield code="c">SIUNPA</subfield>
    </datafield>
    <datafield tag="041" ind1=" " ind2=" ">
      <subfield code="a">spa</subfield>
    </datafield>
    <datafield tag="044" ind1=" " ind2=" ">
      <subfield code="a">ES</subfield>
    </datafield>
    <datafield tag="080" ind1=" " ind2=" ">
      <subfield code="a">821.134.2 R433r</subfield>
    </datafield>
    <datafield tag="100" ind1=" " ind2=" ">
      <subfield code="a">Resino, Carmen.</subfield>
    </datafield>
    <datafield tag="245" ind1=" " ind2=" ">
      <subfield code="a">Reparación</subfield>
      <subfield code="c"> / Fuentes, Rafael, pról.</subfield>
    </datafield>
    <datafield tag="250" ind1=" " ind2=" ">
      <subfield code="a">1a ed.</subfield>
    </datafield>
    <datafield tag="260" ind1=" " ind2=" ">
      <subfield code="a">Madrid</subfield>
      <subfield code="b"> : Huerga y Fierro</subfield>
      <subfield code="c"> , 2012</subfield>
    </datafield>
    <datafield tag="440" ind1=" " ind2=" ">
      <subfield code="a">Biblioteca Psicoanalítica</subfield>
      <subfield code="a">Temas de Eudeba / Antropología</subfield>
      <subfield code="a">Anuario de la maternidad</subfield>
      <subfield code="a">Spinelli, Angela|Di Giacomo Braidotti, Nerina</subfield>
      <subfield code="a">Colección extensión universitaria / Grupo Cero</subfield>
      <subfield code="a">Biblioteca de CECYM</subfield>
      <subfield code="a">Colección el teatro puede</subfield>
      <subfield code="v">no. 11</subfield>
    </datafield>
    <datafield tag="490" ind1=" " ind2=" ">
      <subfield code="a">Biblioteca Psicoanalítica</subfield>
      <subfield code="a">Temas de Eudeba / Antropología</subfield>
      <subfield code="a">Anuario de la maternidad</subfield>
      <subfield code="a">Spinelli, Angela|Di Giacomo Braidotti, Nerina</subfield>
      <subfield code="a">Colección extensión universitaria / Grupo Cero</subfield>
      <subfield code="a">Biblioteca de CECYM</subfield>
      <subfield code="a">Colección el teatro puede</subfield>
      <subfield code="v">no. 11</subfield>
    </datafield>
    <datafield tag="650" ind1=" " ind2=" ">
      <subfield code="a"> LITERATURA ESPAÑOLA</subfield>
    </datafield>
    <datafield tag="650" ind1=" " ind2=" ">
      <subfield code="a"> TEATRO ESPAÑOL</subfield>
    </datafield>
    <datafield tag="942" ind1=" " ind2=" ">
      <subfield code="c">BK</subfield>
    </datafield>
    <datafield tag="952" ind1=" " ind2=" ">
      <subfield code="a">BIB_RECT</subfield>
      <subfield code="b">BIB_UARG</subfield>
      <subfield code="d">2013-05-22</subfield>
      <subfield code="y">BK</subfield>
      <subfield code="p">05-44750</subfield>
      <subfield code="i">05-44750</subfield>
      <subfield code="g">39</subfield>
      <subfield code="o">821.134.2 R433r</subfield>
      <subfield code="e">Donación</subfield>
      <subfield code="8">CG</subfield>
    </datafield>
  </record>