
  <record>
    <leader>01000aam  22002601a 4500</leader>
    <controlfield tag="001">YPZ97635</controlfield>
    <controlfield tag="003">YPZ</controlfield>
    <controlfield tag="005">201305271027270</controlfield>
    <controlfield tag="008">130527|###########||||||b||||||||||spa|d</controlfield>
    <datafield tag="020" ind1=" " ind2=" ">
      <subfield code="a">9789876577915</subfield>
    </datafield>
    <datafield tag="040" ind1=" " ind2=" ">
      <subfield code="c">SIUNPA</subfield>
    </datafield>
    <datafield tag="041" ind1=" " ind2=" ">
      <subfield code="a">spa</subfield>
    </datafield>
    <datafield tag="044" ind1=" " ind2=" ">
      <subfield code="a">AR</subfield>
    </datafield>
    <datafield tag="080" ind1=" " ind2=" ">
      <subfield code="a">81-11 G255c</subfield>
    </datafield>
    <datafield tag="100" ind1=" " ind2=" ">
      <subfield code="a">Gastaldello, Daniel.</subfield>
    </datafield>
    <datafield tag="245" ind1=" " ind2=" ">
      <subfield code="a">Charles Sanders Peirce</subfield>
      <subfield code="b"> : estudios semióticos</subfield>
    </datafield>
    <datafield tag="260" ind1=" " ind2=" ">
      <subfield code="a">Santa Fe</subfield>
      <subfield code="b"> : Ediciones de la UNL, Universidad Nacional del Litoral</subfield>
      <subfield code="c"> , 2012</subfield>
    </datafield>
    <datafield tag="650" ind1=" " ind2=" ">
      <subfield code="a"> SEMIOTICA</subfield>
    </datafield>
    <datafield tag="650" ind1=" " ind2=" ">
      <subfield code="a"> SEMIOLOGIA </subfield>
    </datafield>
    <datafield tag="650" ind1=" " ind2=" ">
      <subfield code="a"> TEORIAS LINGÜISTICAS</subfield>
    </datafield>
    <datafield tag="650" ind1=" " ind2=" ">
      <subfield code="a"> PEIRCE, CHARLES SANDERS (1839</subfield>
    </datafield>
    <datafield tag="650" ind1=" " ind2=" ">
      <subfield code="a">1914)</subfield>
    </datafield>
    <datafield tag="942" ind1=" " ind2=" ">
      <subfield code="c">BK</subfield>
    </datafield>
    <datafield tag="952" ind1=" " ind2=" ">
      <subfield code="a">BIB_RECT</subfield>
      <subfield code="b">BIB_UARG</subfield>
      <subfield code="d">2013-05-27</subfield>
      <subfield code="y">BK</subfield>
      <subfield code="p">05-44748</subfield>
      <subfield code="i">05-44748</subfield>
      <subfield code="g">85</subfield>
      <subfield code="o">81-11 G255c</subfield>
      <subfield code="e">Gasel, Alejandro</subfield>
      <subfield code="8">CG</subfield>
    </datafield>
    <datafield tag="952" ind1=" " ind2=" ">
      <subfield code="a">BIB_RECT</subfield>
      <subfield code="b">BIB_UARG</subfield>
      <subfield code="d">2013-05-27</subfield>
      <subfield code="y">BK</subfield>
      <subfield code="p">05-44749</subfield>
      <subfield code="i">05-44749</subfield>
      <subfield code="g">85</subfield>
      <subfield code="o">81-11 G255c</subfield>
      <subfield code="e">Gasel, Alejandro</subfield>
      <subfield code="8">CG</subfield>
    </datafield>
  </record>