
  <record>
    <leader>01000aam  22002601a 4500</leader>
    <controlfield tag="001">YPZ97640</controlfield>
    <controlfield tag="003">YPZ</controlfield>
    <controlfield tag="005">201305271524520</controlfield>
    <controlfield tag="008">130527|###########||||||b||||||||||spa|d</controlfield>
    <datafield tag="020" ind1=" " ind2=" ">
      <subfield code="a">9789871785810</subfield>
    </datafield>
    <datafield tag="040" ind1=" " ind2=" ">
      <subfield code="c">SIUNPA</subfield>
    </datafield>
    <datafield tag="041" ind1=" " ind2=" ">
      <subfield code="a">spa</subfield>
    </datafield>
    <datafield tag="044" ind1=" " ind2=" ">
      <subfield code="a">AR</subfield>
    </datafield>
    <datafield tag="080" ind1=" " ind2=" ">
      <subfield code="a">821.14'02.09 O391o</subfield>
    </datafield>
    <datafield tag="245" ind1=" " ind2=" ">
      <subfield code="a">El oîkos violentado</subfield>
      <subfield code="b"> : genealogías conflctivas y perversiones del parentesco en la literatura griega antigua</subfield>
      <subfield code="c"> / Rodríguez Cidre, Elsa, comp. ; Buis, Emiliano Jerónimo, comp. ; Atienza, Alicia M., comp.</subfield>
    </datafield>
    <datafield tag="260" ind1=" " ind2=" ">
      <subfield code="a">Buenos Aires</subfield>
      <subfield code="b"> : Editorial de la Facultad de Filosofía y Letras, UBA</subfield>
      <subfield code="c"> , 2013</subfield>
    </datafield>
    <datafield tag="650" ind1=" " ind2=" ">
      <subfield code="a"> LITERATURA GRIEGA</subfield>
    </datafield>
    <datafield tag="650" ind1=" " ind2=" ">
      <subfield code="a"> CRITICA LITERARIA</subfield>
    </datafield>
    <datafield tag="650" ind1=" " ind2=" ">
      <subfield code="a"> ESTUDIOS LITERARIOS</subfield>
    </datafield>
    <datafield tag="942" ind1=" " ind2=" ">
      <subfield code="c">BK</subfield>
    </datafield>
    <datafield tag="952" ind1=" " ind2=" ">
      <subfield code="a">BIB_RECT</subfield>
      <subfield code="b">BIB_UARG</subfield>
      <subfield code="d">2013-05-22</subfield>
      <subfield code="y">BK</subfield>
      <subfield code="p">05-44742</subfield>
      <subfield code="i">05-44742</subfield>
      <subfield code="g">85</subfield>
      <subfield code="o">821.14'02.09 O391o</subfield>
      <subfield code="e">Atienza, Alicia</subfield>
      <subfield code="8">CG</subfield>
    </datafield>
  </record>