
  <record>
    <leader>01000aam  22002601a 4500</leader>
    <controlfield tag="001">YPZ97646</controlfield>
    <controlfield tag="003">YPZ</controlfield>
    <controlfield tag="005">201305280936560</controlfield>
    <controlfield tag="008">130528|###########||||||b||||||||||spa|d</controlfield>
    <datafield tag="040" ind1=" " ind2=" ">
      <subfield code="c">SIUNPA</subfield>
    </datafield>
    <datafield tag="041" ind1=" " ind2=" ">
      <subfield code="a">fre</subfield>
    </datafield>
    <datafield tag="044" ind1=" " ind2=" ">
      <subfield code="a">FR</subfield>
    </datafield>
    <datafield tag="080" ind1=" " ind2=" ">
      <subfield code="a">159.922 C496p3</subfield>
    </datafield>
    <datafield tag="100" ind1=" " ind2=" ">
      <subfield code="a">Chauchard, Paul.</subfield>
    </datafield>
    <datafield tag="245" ind1=" " ind2=" ">
      <subfield code="a">Physiologie de la conscience</subfield>
    </datafield>
    <datafield tag="250" ind1=" " ind2=" ">
      <subfield code="a">3a éd.</subfield>
    </datafield>
    <datafield tag="260" ind1=" " ind2=" ">
      <subfield code="a">Paris</subfield>
      <subfield code="b"> : Presses Universitaires de France</subfield>
      <subfield code="c"> , 1956</subfield>
    </datafield>
    <datafield tag="440" ind1=" " ind2=" ">
      <subfield code="a">Homenajes / Eudeba</subfield>
      <subfield code="a">Colección saberes</subfield>
      <subfield code="a">Coleção Psicología psicoanalítica</subfield>
      <subfield code="a">Biblioteca de Psiquiatría, Psicopatología y Psicosomática</subfield>
      <subfield code="a">Que sais-je?</subfield>
      <subfield code="v">333</subfield>
    </datafield>
    <datafield tag="490" ind1=" " ind2=" ">
      <subfield code="a">Homenajes / Eudeba</subfield>
      <subfield code="a">Colección saberes</subfield>
      <subfield code="a">Coleção Psicología psicoanalítica</subfield>
      <subfield code="a">Biblioteca de Psiquiatría, Psicopatología y Psicosomática</subfield>
      <subfield code="a">Que sais-je?</subfield>
      <subfield code="v">333</subfield>
    </datafield>
    <datafield tag="650" ind1=" " ind2=" ">
      <subfield code="a"> PSICOLOGIA  CONCIENCIA</subfield>
    </datafield>
    <datafield tag="942" ind1=" " ind2=" ">
      <subfield code="c">BK</subfield>
    </datafield>
    <datafield tag="952" ind1=" " ind2=" ">
      <subfield code="a">BIB_RECT</subfield>
      <subfield code="b">BIB_UARG</subfield>
      <subfield code="d">2013-05-28</subfield>
      <subfield code="y">BK</subfield>
      <subfield code="p">05-44790</subfield>
      <subfield code="i">05-44790</subfield>
      <subfield code="g">35</subfield>
      <subfield code="o">159.922 C496p3</subfield>
      <subfield code="e">Donación Facultad de Psicología, UBA</subfield>
      <subfield code="8">CG</subfield>
    </datafield>
  </record>