
  <record>
    <leader>01000aam  22002601a 4500</leader>
    <controlfield tag="001">YPZ97652</controlfield>
    <controlfield tag="003">YPZ</controlfield>
    <controlfield tag="005">201305281041170</controlfield>
    <controlfield tag="008">130528|###########||||||b||||||||||spa|d</controlfield>
    <datafield tag="040" ind1=" " ind2=" ">
      <subfield code="c">SIUNPA</subfield>
    </datafield>
    <datafield tag="041" ind1=" " ind2=" ">
      <subfield code="a">spa</subfield>
    </datafield>
    <datafield tag="044" ind1=" " ind2=" ">
      <subfield code="a">ES</subfield>
    </datafield>
    <datafield tag="080" ind1=" " ind2=" ">
      <subfield code="a">37.015.3 M581e</subfield>
    </datafield>
    <datafield tag="100" ind1=" " ind2=" ">
      <subfield code="a">Mesnard, Pierre.</subfield>
    </datafield>
    <datafield tag="245" ind1=" " ind2=" ">
      <subfield code="a">Educación y carácter</subfield>
      <subfield code="c"> / Ribera, Antonio, tr.</subfield>
    </datafield>
    <datafield tag="250" ind1=" " ind2=" ">
      <subfield code="a">1a ed.</subfield>
    </datafield>
    <datafield tag="260" ind1=" " ind2=" ">
      <subfield code="a">Barcelona</subfield>
      <subfield code="b"> : Luis Miracle</subfield>
      <subfield code="c"> , 1961</subfield>
    </datafield>
    <datafield tag="440" ind1=" " ind2=" ">
      <subfield code="a">Les Champs de la santé</subfield>
      <subfield code="a">Paideia. Biblioteca práctica de Pedagogía, Psicología y Psicopatología de la Infancia</subfield>
      <subfield code="v">20</subfield>
    </datafield>
    <datafield tag="490" ind1=" " ind2=" ">
      <subfield code="a">Les Champs de la santé</subfield>
      <subfield code="a">Paideia. Biblioteca práctica de Pedagogía, Psicología y Psicopatología de la Infancia</subfield>
      <subfield code="v">20</subfield>
    </datafield>
    <datafield tag="650" ind1=" " ind2=" ">
      <subfield code="a"> PSICOLOGIA DE LA EDUCACION</subfield>
    </datafield>
    <datafield tag="942" ind1=" " ind2=" ">
      <subfield code="c">BK</subfield>
    </datafield>
    <datafield tag="952" ind1=" " ind2=" ">
      <subfield code="a">BIB_RECT</subfield>
      <subfield code="b">BIB_UARG</subfield>
      <subfield code="d">2013-05-28</subfield>
      <subfield code="y">BK</subfield>
      <subfield code="p">05-44787</subfield>
      <subfield code="i">05-44787</subfield>
      <subfield code="g">50</subfield>
      <subfield code="o">37.015.3 M581e</subfield>
      <subfield code="e">Donación Facultad de Psicología, UBA</subfield>
      <subfield code="8">CG</subfield>
    </datafield>
  </record>