
  <record>
    <leader>01000aam  22002601a 4500</leader>
    <controlfield tag="001">YPZ97660</controlfield>
    <controlfield tag="003">YPZ</controlfield>
    <controlfield tag="005">201305281320490</controlfield>
    <controlfield tag="008">130528|###########||||||b||||||||||spa|d</controlfield>
    <datafield tag="022" ind1=" " ind2=" ">
      <subfield code="a">ISSN 02449277</subfield>
    </datafield>
    <datafield tag="040" ind1=" " ind2=" ">
      <subfield code="c">SIUNPA</subfield>
    </datafield>
    <datafield tag="041" ind1=" " ind2=" ">
      <subfield code="a">fre</subfield>
    </datafield>
    <datafield tag="044" ind1=" " ind2=" ">
      <subfield code="a">FR</subfield>
    </datafield>
    <datafield tag="080" ind1=" " ind2=" ">
      <subfield code="a">811.124'342.8</subfield>
    </datafield>
    <datafield tag="110" ind1=" " ind2=" ">
      <subfield code="a">Colloque de Morigny 'L’Accent latin' (4 : 1979 : Morigny).</subfield>
    </datafield>
    <datafield tag="245" ind1=" " ind2=" ">
      <subfield code="a">L’accent latin</subfield>
      <subfield code="c"> / Hellegouarc’h, Joseph, org.</subfield>
    </datafield>
    <datafield tag="260" ind1=" " ind2=" ">
      <subfield code="a">Paris</subfield>
      <subfield code="b"> : Université de Paris-Sorbonne</subfield>
      <subfield code="c"> , 1982</subfield>
    </datafield>
    <datafield tag="440" ind1=" " ind2=" ">
      <subfield code="a">Civilisations</subfield>
      <subfield code="v">no. 6</subfield>
    </datafield>
    <datafield tag="490" ind1=" " ind2=" ">
      <subfield code="a">Civilisations</subfield>
      <subfield code="v">no. 6</subfield>
    </datafield>
    <datafield tag="500" ind1=" " ind2=" ">
      <subfield code="a">Separata</subfield>
    </datafield>
    <datafield tag="650" ind1=" " ind2=" ">
      <subfield code="a"> LENGUA  LATIN</subfield>
    </datafield>
    <datafield tag="650" ind1=" " ind2=" ">
      <subfield code="a"> ACENTOS</subfield>
    </datafield>
    <datafield tag="650" ind1=" " ind2=" ">
      <subfield code="a"> ACENTUACION</subfield>
    </datafield>
    <datafield tag="942" ind1=" " ind2=" ">
      <subfield code="c">BK</subfield>
    </datafield>
    <datafield tag="952" ind1=" " ind2=" ">
      <subfield code="a">BIB_RECT</subfield>
      <subfield code="b">BIB_UARG</subfield>
      <subfield code="d">2013-05-29</subfield>
      <subfield code="y">BK</subfield>
      <subfield code="p">05-44798</subfield>
      <subfield code="i">05-44798</subfield>
      <subfield code="g">35</subfield>
      <subfield code="o">811.124'342.8</subfield>
      <subfield code="e">Donación Facultad de Psicología, UBA</subfield>
      <subfield code="8">CG</subfield>
    </datafield>
  </record>