
  <record>
    <leader>01000aam  22002601a 4500</leader>
    <controlfield tag="001">YPZ97665</controlfield>
    <controlfield tag="003">YPZ</controlfield>
    <controlfield tag="005">201305291332490</controlfield>
    <controlfield tag="008">130529|###########||||||b||||||||||spa|d</controlfield>
    <datafield tag="020" ind1=" " ind2=" ">
      <subfield code="a">8448101375</subfield>
    </datafield>
    <datafield tag="040" ind1=" " ind2=" ">
      <subfield code="c">SIUNPA</subfield>
    </datafield>
    <datafield tag="041" ind1=" " ind2=" ">
      <subfield code="a">spa</subfield>
    </datafield>
    <datafield tag="044" ind1=" " ind2=" ">
      <subfield code="a">ES</subfield>
    </datafield>
    <datafield tag="080" ind1=" " ind2=" ">
      <subfield code="a">33 S193e14</subfield>
    </datafield>
    <datafield tag="100" ind1=" " ind2=" ">
      <subfield code="a">Samuelson, Paul A..</subfield>
    </datafield>
    <datafield tag="700" ind1=" " ind2=" ">
      <subfield code="a">Nordhaus, William D..</subfield>
    </datafield>
    <datafield tag="245" ind1=" " ind2=" ">
      <subfield code="a">Economía</subfield>
      <subfield code="b"> : decimocuarta edición</subfield>
      <subfield code="c"> / Rabasco, Esther, tr. ; Toharia, Luis, tr.</subfield>
    </datafield>
    <datafield tag="250" ind1=" " ind2=" ">
      <subfield code="a">4a ed. en español</subfield>
    </datafield>
    <datafield tag="260" ind1=" " ind2=" ">
      <subfield code="a">Madrid</subfield>
      <subfield code="b"> : McGraw-Hill/Interamericana de España</subfield>
      <subfield code="c"> , 1993</subfield>
    </datafield>
    <datafield tag="650" ind1=" " ind2=" ">
      <subfield code="a"> ECONOMIA</subfield>
    </datafield>
    <datafield tag="650" ind1=" " ind2=" ">
      <subfield code="a"> MICROECONOMIA</subfield>
    </datafield>
    <datafield tag="650" ind1=" " ind2=" ">
      <subfield code="a"> MACROECONOMIA</subfield>
    </datafield>
    <datafield tag="650" ind1=" " ind2=" ">
      <subfield code="a"> TEORIA ECONOMICA</subfield>
    </datafield>
    <datafield tag="942" ind1=" " ind2=" ">
      <subfield code="c">BK</subfield>
    </datafield>
    <datafield tag="952" ind1=" " ind2=" ">
      <subfield code="a">BIB_RECT</subfield>
      <subfield code="b">BIB_UASJ</subfield>
      <subfield code="d">2013-05-29</subfield>
      <subfield code="y">BK</subfield>
      <subfield code="p">04-00148</subfield>
      <subfield code="i">04-00148</subfield>
      <subfield code="g">71</subfield>
      <subfield code="o">33 S193e14</subfield>
      <subfield code="e">Migración UASJ</subfield>
      <subfield code="8">CG</subfield>
    </datafield>
    <datafield tag="952" ind1=" " ind2=" ">
      <subfield code="a">BIB_RECT</subfield>
      <subfield code="b">BIB_UARG</subfield>
      <subfield code="d">2013-05-29</subfield>
      <subfield code="y">BK</subfield>
      <subfield code="p">05-09282</subfield>
      <subfield code="i">05-09282</subfield>
      <subfield code="g">71</subfield>
      <subfield code="o">33 S193e14</subfield>
      <subfield code="e">Acuerdo 110/95</subfield>
      <subfield code="8">CG</subfield>
    </datafield>
    <datafield tag="952" ind1=" " ind2=" ">
      <subfield code="a">BIB_RECT</subfield>
      <subfield code="b">BIB_UARG</subfield>
      <subfield code="d">2013-05-29</subfield>
      <subfield code="y">BK</subfield>
      <subfield code="p">05-09384</subfield>
      <subfield code="i">05-09384</subfield>
      <subfield code="g">71</subfield>
      <subfield code="o">33 S193e14</subfield>
      <subfield code="e">UARG</subfield>
      <subfield code="8">CG</subfield>
    </datafield>
    <datafield tag="952" ind1=" " ind2=" ">
      <subfield code="a">BIB_RECT</subfield>
      <subfield code="b">BIB_UARG</subfield>
      <subfield code="d">2013-05-29</subfield>
      <subfield code="y">BK</subfield>
      <subfield code="p">05-09853</subfield>
      <subfield code="i">05-09853</subfield>
      <subfield code="g">71</subfield>
      <subfield code="o">33 S193e14</subfield>
      <subfield code="e">Cont. Est./95</subfield>
      <subfield code="8">CG</subfield>
    </datafield>
    <datafield tag="952" ind1=" " ind2=" ">
      <subfield code="a">BIB_RECT</subfield>
      <subfield code="b">BIB_UARG</subfield>
      <subfield code="d">2013-05-29</subfield>
      <subfield code="y">BK</subfield>
      <subfield code="p">05-10016</subfield>
      <subfield code="i">05-10016</subfield>
      <subfield code="g">71</subfield>
      <subfield code="o">33 S193e14</subfield>
      <subfield code="e">Cont. Est. /95</subfield>
      <subfield code="8">CG</subfield>
    </datafield>
  </record>