
  <record>
    <leader>01000aam  22002601a 4500</leader>
    <controlfield tag="001">YPZ97676</controlfield>
    <controlfield tag="003">YPZ</controlfield>
    <controlfield tag="005">201305310958480</controlfield>
    <controlfield tag="008">130531|###########||||||b||||||||||spa|d</controlfield>
    <datafield tag="020" ind1=" " ind2=" ">
      <subfield code="a">9789876792196</subfield>
    </datafield>
    <datafield tag="040" ind1=" " ind2=" ">
      <subfield code="c">SIUNPA</subfield>
    </datafield>
    <datafield tag="041" ind1=" " ind2=" ">
      <subfield code="a">spa</subfield>
    </datafield>
    <datafield tag="044" ind1=" " ind2=" ">
      <subfield code="a">AR</subfield>
    </datafield>
    <datafield tag="080" ind1=" " ind2=" ">
      <subfield code="a">630*22 P441r</subfield>
    </datafield>
    <datafield tag="100" ind1=" " ind2=" ">
      <subfield code="a">Peri, Pablo Luis.</subfield>
    </datafield>
    <datafield tag="700" ind1=" " ind2=" ">
      <subfield code="a">Ormaechea, Sebastián.</subfield>
    </datafield>
    <datafield tag="245" ind1=" " ind2=" ">
      <subfield code="a">Relevamiento de los bosques nativos de Ñire (Nothofagus antarctica) en Santa Cruz</subfield>
      <subfield code="b"> : base para su conservación y manejo</subfield>
    </datafield>
    <datafield tag="260" ind1=" " ind2=" ">
      <subfield code="a">Buenos Aires</subfield>
      <subfield code="b"> : INTA</subfield>
      <subfield code="c"> , 2013</subfield>
    </datafield>
    <datafield tag="650" ind1=" " ind2=" ">
      <subfield code="a"> RECURSOS FORESTALES</subfield>
    </datafield>
    <datafield tag="650" ind1=" " ind2=" ">
      <subfield code="a"> BOSQUES</subfield>
    </datafield>
    <datafield tag="650" ind1=" " ind2=" ">
      <subfield code="a"> SANTA CRUZ (ARGENTINA)</subfield>
    </datafield>
    <datafield tag="942" ind1=" " ind2=" ">
      <subfield code="c">BK</subfield>
    </datafield>
    <datafield tag="952" ind1=" " ind2=" ">
      <subfield code="a">BIB_RECT</subfield>
      <subfield code="b">BIB_UASJ</subfield>
      <subfield code="d">2014-06-09</subfield>
      <subfield code="y">BK</subfield>
      <subfield code="p">04-46220</subfield>
      <subfield code="i">04-46220</subfield>
      <subfield code="g">110</subfield>
      <subfield code="o">630*22 P441r</subfield>
      <subfield code="e">Donación</subfield>
      <subfield code="8">CG</subfield>
    </datafield>
    <datafield tag="952" ind1=" " ind2=" ">
      <subfield code="a">BIB_RECT</subfield>
      <subfield code="b">BIB_UARG</subfield>
      <subfield code="d">2013-05-31</subfield>
      <subfield code="y">BK</subfield>
      <subfield code="p">05-44804</subfield>
      <subfield code="i">05-44804</subfield>
      <subfield code="g">65</subfield>
      <subfield code="o">630*22 P441r</subfield>
      <subfield code="e">Donación Peri, Pablo Luis</subfield>
      <subfield code="8">CG</subfield>
    </datafield>
    <datafield tag="952" ind1=" " ind2=" ">
      <subfield code="a">BIB_RECT</subfield>
      <subfield code="b">BIB_UARG</subfield>
      <subfield code="d">2013-05-31</subfield>
      <subfield code="y">BK</subfield>
      <subfield code="p">05-44805</subfield>
      <subfield code="i">05-44805</subfield>
      <subfield code="g">65</subfield>
      <subfield code="o">630*22 P441r</subfield>
      <subfield code="e">Donación Peri, Pablo Luis</subfield>
      <subfield code="8">CG</subfield>
    </datafield>
    <datafield tag="952" ind1=" " ind2=" ">
      <subfield code="a">BIB_RECT</subfield>
      <subfield code="b">BIB_UARG</subfield>
      <subfield code="d">2013-05-31</subfield>
      <subfield code="y">BK</subfield>
      <subfield code="p">05-44806</subfield>
      <subfield code="i">05-44806</subfield>
      <subfield code="g">65</subfield>
      <subfield code="o">630*22 P441r</subfield>
      <subfield code="e">Donación Peri, Pablo Luis</subfield>
      <subfield code="8">CG</subfield>
    </datafield>
  </record>