
  <record>
    <leader>01000aam  22002601a 4500</leader>
    <controlfield tag="001">YPZ97677</controlfield>
    <controlfield tag="003">YPZ</controlfield>
    <controlfield tag="005">201305311015460</controlfield>
    <controlfield tag="008">130531|###########||||||b||||||||||spa|d</controlfield>
    <datafield tag="020" ind1=" " ind2=" ">
      <subfield code="a">9789876792387</subfield>
    </datafield>
    <datafield tag="040" ind1=" " ind2=" ">
      <subfield code="c">SIUNPA</subfield>
    </datafield>
    <datafield tag="041" ind1=" " ind2=" ">
      <subfield code="a">spa</subfield>
    </datafield>
    <datafield tag="044" ind1=" " ind2=" ">
      <subfield code="a">AR</subfield>
    </datafield>
    <datafield tag="080" ind1=" " ind2=" ">
      <subfield code="a">630 J828fo 2</subfield>
    </datafield>
    <datafield tag="110" ind1=" " ind2=" ">
      <subfield code="a">Jornadas Forestales de Patagonia Sur (2 : 2013 : El Calafate).</subfield>
    </datafield>
    <datafield tag="710" ind1=" " ind2=" ">
      <subfield code="a">Congreso Internacional Agroforestal Patagónico (2 : 2013 : El Calafate).</subfield>
    </datafield>
    <datafield tag="245" ind1=" " ind2=" ">
      <subfield code="a">Actas</subfield>
    </datafield>
    <datafield tag="260" ind1=" " ind2=" ">
      <subfield code="a">Buenos Aires</subfield>
      <subfield code="b"> : INTA</subfield>
      <subfield code="c"> , 2013</subfield>
    </datafield>
    <datafield tag="650" ind1=" " ind2=" ">
      <subfield code="a"> ARBOLES FORESTALES</subfield>
    </datafield>
    <datafield tag="650" ind1=" " ind2=" ">
      <subfield code="a"> SILVICULTURA </subfield>
    </datafield>
    <datafield tag="650" ind1=" " ind2=" ">
      <subfield code="a"> BOSQUE</subfield>
    </datafield>
    <datafield tag="650" ind1=" " ind2=" ">
      <subfield code="a"> REGION PATAGONICA</subfield>
    </datafield>
    <datafield tag="942" ind1=" " ind2=" ">
      <subfield code="c">BK</subfield>
    </datafield>
    <datafield tag="952" ind1=" " ind2=" ">
      <subfield code="a">BIB_RECT</subfield>
      <subfield code="b">BIB_UASJ</subfield>
      <subfield code="d">2014-06-09</subfield>
      <subfield code="y">BK</subfield>
      <subfield code="p">04-46221</subfield>
      <subfield code="i">04-46221</subfield>
      <subfield code="g">120</subfield>
      <subfield code="o">630 J828fo 2</subfield>
      <subfield code="e">Donación</subfield>
      <subfield code="8">CG</subfield>
    </datafield>
    <datafield tag="952" ind1=" " ind2=" ">
      <subfield code="a">BIB_RECT</subfield>
      <subfield code="b">BIB_UARG</subfield>
      <subfield code="d">2013-05-31</subfield>
      <subfield code="y">BK</subfield>
      <subfield code="p">05-44813</subfield>
      <subfield code="i">05-44813</subfield>
      <subfield code="g">120</subfield>
      <subfield code="o">630 J828fo 2</subfield>
      <subfield code="e">Donación Peri, Pablo Luis</subfield>
      <subfield code="8">CG</subfield>
    </datafield>
    <datafield tag="952" ind1=" " ind2=" ">
      <subfield code="a">BIB_RECT</subfield>
      <subfield code="b">BIB_UARG</subfield>
      <subfield code="d">2013-05-31</subfield>
      <subfield code="y">BK</subfield>
      <subfield code="p">05-44814</subfield>
      <subfield code="i">05-44814</subfield>
      <subfield code="g">120</subfield>
      <subfield code="o">630 J828fo 2</subfield>
      <subfield code="e">Donación Peri, Pablo Luis</subfield>
      <subfield code="8">CG</subfield>
    </datafield>
    <datafield tag="952" ind1=" " ind2=" ">
      <subfield code="a">BIB_RECT</subfield>
      <subfield code="b">BIB_UARG</subfield>
      <subfield code="d">2013-05-31</subfield>
      <subfield code="y">BK</subfield>
      <subfield code="p">05-44815</subfield>
      <subfield code="i">05-44815</subfield>
      <subfield code="g">120</subfield>
      <subfield code="o">630 J828fo 2</subfield>
      <subfield code="e">Donación Peri, Pablo Luis</subfield>
      <subfield code="8">CG</subfield>
    </datafield>
  </record>