
  <record>
    <leader>01000aam  22002601a 4500</leader>
    <controlfield tag="001">YPZ97681</controlfield>
    <controlfield tag="003">YPZ</controlfield>
    <controlfield tag="005">201305311807150</controlfield>
    <controlfield tag="008">130531|###########||||||b||||||||||spa|d</controlfield>
    <datafield tag="020" ind1=" " ind2=" ">
      <subfield code="a">9789871242771</subfield>
    </datafield>
    <datafield tag="040" ind1=" " ind2=" ">
      <subfield code="c">SIUNPA</subfield>
    </datafield>
    <datafield tag="041" ind1=" " ind2=" ">
      <subfield code="a">spa</subfield>
    </datafield>
    <datafield tag="044" ind1=" " ind2=" ">
      <subfield code="a">AR</subfield>
    </datafield>
    <datafield tag="080" ind1=" " ind2=" ">
      <subfield code="a">004.6 V713m</subfield>
    </datafield>
    <datafield tag="100" ind1=" " ind2=" ">
      <subfield code="a">Villagra, Andrea.</subfield>
    </datafield>
    <datafield tag="245" ind1=" " ind2=" ">
      <subfield code="a">Metaheurísticas aplicadas a clustering</subfield>
    </datafield>
    <datafield tag="250" ind1=" " ind2=" ">
      <subfield code="a">1a ed.</subfield>
    </datafield>
    <datafield tag="260" ind1=" " ind2=" ">
      <subfield code="a">Río Gallegos</subfield>
      <subfield code="b"> : Universidad Nacional de la Patagonia Austral, UNPAedita</subfield>
      <subfield code="c"> , 2013</subfield>
    </datafield>
    <datafield tag="650" ind1=" " ind2=" ">
      <subfield code="a"> MINERIA DE DATOS</subfield>
    </datafield>
    <datafield tag="650" ind1=" " ind2=" ">
      <subfield code="a"> CLUSTERING</subfield>
    </datafield>
    <datafield tag="942" ind1=" " ind2=" ">
      <subfield code="c">BK</subfield>
    </datafield>
    <datafield tag="952" ind1=" " ind2=" ">
      <subfield code="a">BIB_RECT</subfield>
      <subfield code="b">BIB_UACO</subfield>
      <subfield code="d">2013-05-31</subfield>
      <subfield code="y">BK</subfield>
      <subfield code="p">02-44847</subfield>
      <subfield code="i">02-44847</subfield>
      <subfield code="g">65</subfield>
      <subfield code="o">004.6 V713m</subfield>
      <subfield code="e">Secretaría de Ext. Universitaria</subfield>
      <subfield code="8">CG</subfield>
    </datafield>
    <datafield tag="952" ind1=" " ind2=" ">
      <subfield code="a">BIB_RECT</subfield>
      <subfield code="b">BIB_UACO</subfield>
      <subfield code="d">2013-05-31</subfield>
      <subfield code="y">BK</subfield>
      <subfield code="p">02-44848</subfield>
      <subfield code="i">02-44848</subfield>
      <subfield code="g">65</subfield>
      <subfield code="o">004.6 V713m</subfield>
      <subfield code="e">Secretaría de Ext. Universitaria</subfield>
      <subfield code="8">CG</subfield>
    </datafield>
    <datafield tag="952" ind1=" " ind2=" ">
      <subfield code="a">BIB_RECT</subfield>
      <subfield code="b">BIB_UACO</subfield>
      <subfield code="d">2013-05-31</subfield>
      <subfield code="y">BK</subfield>
      <subfield code="p">02-44849</subfield>
      <subfield code="i">02-44849</subfield>
      <subfield code="g">65</subfield>
      <subfield code="o">004.6 V713m</subfield>
      <subfield code="e">Secretaría de Ext. Universitaria</subfield>
      <subfield code="8">CG</subfield>
    </datafield>
    <datafield tag="952" ind1=" " ind2=" ">
      <subfield code="a">BIB_RECT</subfield>
      <subfield code="b">BIB_UACO</subfield>
      <subfield code="d">2013-05-31</subfield>
      <subfield code="y">BK</subfield>
      <subfield code="p">02-44850</subfield>
      <subfield code="i">02-44850</subfield>
      <subfield code="g">65</subfield>
      <subfield code="o">004.6 V713m</subfield>
      <subfield code="e">Secretaría de Ext. Universitaria</subfield>
      <subfield code="8">CG</subfield>
    </datafield>
    <datafield tag="952" ind1=" " ind2=" ">
      <subfield code="a">BIB_RECT</subfield>
      <subfield code="b">BIB_UART</subfield>
      <subfield code="d">2013-05-31</subfield>
      <subfield code="y">BK</subfield>
      <subfield code="p">03-44834</subfield>
      <subfield code="i">03-44834</subfield>
      <subfield code="g">65</subfield>
      <subfield code="o">004.6 V713m</subfield>
      <subfield code="e">Secretaría de Ext. Universitaria</subfield>
      <subfield code="8">CG</subfield>
    </datafield>
    <datafield tag="952" ind1=" " ind2=" ">
      <subfield code="a">BIB_RECT</subfield>
      <subfield code="b">BIB_UART</subfield>
      <subfield code="d">2013-05-31</subfield>
      <subfield code="y">BK</subfield>
      <subfield code="p">03-44835</subfield>
      <subfield code="i">03-44835</subfield>
      <subfield code="g">65</subfield>
      <subfield code="o">004.6 V713m</subfield>
      <subfield code="e">Secretaría de Ext. Universitaria</subfield>
      <subfield code="8">CG</subfield>
    </datafield>
    <datafield tag="952" ind1=" " ind2=" ">
      <subfield code="a">BIB_RECT</subfield>
      <subfield code="b">BIB_UASJ</subfield>
      <subfield code="d">2013-05-31</subfield>
      <subfield code="y">BK</subfield>
      <subfield code="p">04-44831</subfield>
      <subfield code="i">04-44831</subfield>
      <subfield code="g">65</subfield>
      <subfield code="o">004.6 V713m</subfield>
      <subfield code="e">Secretaría de Ext. Universitaria</subfield>
      <subfield code="8">CG</subfield>
    </datafield>
    <datafield tag="952" ind1=" " ind2=" ">
      <subfield code="a">BIB_RECT</subfield>
      <subfield code="b">BIB_UARG</subfield>
      <subfield code="d">2013-05-31</subfield>
      <subfield code="y">BK</subfield>
      <subfield code="p">05-44818</subfield>
      <subfield code="i">05-44818</subfield>
      <subfield code="g">65</subfield>
      <subfield code="o">004.6 V713m</subfield>
      <subfield code="e">Secretaría de Ext. Universitaria</subfield>
      <subfield code="8">CG</subfield>
    </datafield>
    <datafield tag="952" ind1=" " ind2=" ">
      <subfield code="a">BIB_RECT</subfield>
      <subfield code="b">BIB_UARG</subfield>
      <subfield code="d">2013-05-31</subfield>
      <subfield code="y">BK</subfield>
      <subfield code="p">05-44819</subfield>
      <subfield code="i">05-44819</subfield>
      <subfield code="g">65</subfield>
      <subfield code="o">004.6 V713m</subfield>
      <subfield code="e">Secretaría de Ext. Universitaria</subfield>
      <subfield code="8">CG</subfield>
    </datafield>
    <datafield tag="952" ind1=" " ind2=" ">
      <subfield code="a">BIB_RECT</subfield>
      <subfield code="b">BIB_UARG</subfield>
      <subfield code="d">2013-05-31</subfield>
      <subfield code="y">BK</subfield>
      <subfield code="p">05-44820</subfield>
      <subfield code="i">05-44820</subfield>
      <subfield code="g">65</subfield>
      <subfield code="o">004.6 V713m</subfield>
      <subfield code="e">Secretaría de Ext. Universitaria</subfield>
      <subfield code="8">CG</subfield>
    </datafield>
    <datafield tag="952" ind1=" " ind2=" ">
      <subfield code="a">BIB_RECT</subfield>
      <subfield code="b">BIB_UARG</subfield>
      <subfield code="d">2013-05-31</subfield>
      <subfield code="y">BK</subfield>
      <subfield code="p">05-44821</subfield>
      <subfield code="i">05-44821</subfield>
      <subfield code="g">65</subfield>
      <subfield code="o">004.6 V713m</subfield>
      <subfield code="e">Secretaría de Ext. Universitaria</subfield>
      <subfield code="8">CG</subfield>
    </datafield>
    <datafield tag="952" ind1=" " ind2=" ">
      <subfield code="a">BIB_RECT</subfield>
      <subfield code="b">BIB_UARG</subfield>
      <subfield code="d">2016-08-11</subfield>
      <subfield code="y">BK</subfield>
      <subfield code="p">05-48236</subfield>
      <subfield code="i">05-48236</subfield>
      <subfield code="g">190</subfield>
      <subfield code="o">004.6 V713m</subfield>
      <subfield code="e">Donación Melgarejo, Guillermo</subfield>
      <subfield code="8">CG</subfield>
    </datafield>
    <datafield tag="952" ind1=" " ind2=" ">
      <subfield code="a">BIB_RECT</subfield>
      <subfield code="b">SAT_TRUN</subfield>
      <subfield code="d">2013-06-03</subfield>
      <subfield code="y">BK</subfield>
      <subfield code="p">10-44872</subfield>
      <subfield code="i">10-44872</subfield>
      <subfield code="g">60</subfield>
      <subfield code="o">004.6 V713m</subfield>
      <subfield code="e">Secretaría de Ext. Universitaria</subfield>
      <subfield code="8">CG</subfield>
    </datafield>
    <datafield tag="952" ind1=" " ind2=" ">
      <subfield code="a">BIB_RECT</subfield>
      <subfield code="b">SAT_PBNA</subfield>
      <subfield code="d">2013-06-03</subfield>
      <subfield code="y">BK</subfield>
      <subfield code="p">11-44869</subfield>
      <subfield code="i">11-44869</subfield>
      <subfield code="g">60</subfield>
      <subfield code="o">004.6 V713m</subfield>
      <subfield code="e">Secretaría de Ext. Universitaria</subfield>
      <subfield code="8">CG</subfield>
    </datafield>
    <datafield tag="952" ind1=" " ind2=" ">
      <subfield code="a">BIB_RECT</subfield>
      <subfield code="b">SAT_CLFT</subfield>
      <subfield code="d">2013-06-03</subfield>
      <subfield code="y">BK</subfield>
      <subfield code="p">12-44866</subfield>
      <subfield code="i">12-44866</subfield>
      <subfield code="g">60</subfield>
      <subfield code="o">004.6 V713m</subfield>
      <subfield code="e">Secretaría de Ext. Universitaria</subfield>
      <subfield code="8">CG</subfield>
    </datafield>
    <datafield tag="952" ind1=" " ind2=" ">
      <subfield code="a">BIB_RECT</subfield>
      <subfield code="b">SAT_PMDN </subfield>
      <subfield code="d">2013-06-03</subfield>
      <subfield code="y">BK</subfield>
      <subfield code="p">15-44863</subfield>
      <subfield code="i">15-44863</subfield>
      <subfield code="g">60</subfield>
      <subfield code="o">004.6 V713m</subfield>
      <subfield code="e">Secretaría de Ext. Universitaria</subfield>
      <subfield code="8">CG</subfield>
    </datafield>
    <datafield tag="952" ind1=" " ind2=" ">
      <subfield code="a">BIB_RECT</subfield>
      <subfield code="b">SAT_PDES</subfield>
      <subfield code="d">2013-06-03</subfield>
      <subfield code="y">BK</subfield>
      <subfield code="p">16-44854</subfield>
      <subfield code="i">16-44854</subfield>
      <subfield code="g">65</subfield>
      <subfield code="o">004.6 V713m</subfield>
      <subfield code="e">Secretaría de Ext. Universitaria</subfield>
      <subfield code="8">CG</subfield>
    </datafield>
    <datafield tag="952" ind1=" " ind2=" ">
      <subfield code="a">BIB_RECT</subfield>
      <subfield code="b">SAT_RGRA</subfield>
      <subfield code="d">2013-06-03</subfield>
      <subfield code="y">BK</subfield>
      <subfield code="p">17-44860</subfield>
      <subfield code="i">17-44860</subfield>
      <subfield code="g">60</subfield>
      <subfield code="o">004.6 V713m</subfield>
      <subfield code="e">Secretaría de Ext. Universitaria</subfield>
      <subfield code="8">CG</subfield>
    </datafield>
    <datafield tag="952" ind1=" " ind2=" ">
      <subfield code="a">BIB_RECT</subfield>
      <subfield code="b">SAT_GREG</subfield>
      <subfield code="d">2013-06-03</subfield>
      <subfield code="y">BK</subfield>
      <subfield code="p">18-44857</subfield>
      <subfield code="i">18-44857</subfield>
      <subfield code="g">60</subfield>
      <subfield code="o">004.6 V713m</subfield>
      <subfield code="e">Secretaría de Ext. Universitaria</subfield>
      <subfield code="8">CG</subfield>
    </datafield>
    <datafield tag="952" ind1=" " ind2=" ">
      <subfield code="a">BIB_RECT</subfield>
      <subfield code="b">SAT_USHU</subfield>
      <subfield code="d">2013-06-03</subfield>
      <subfield code="y">BK</subfield>
      <subfield code="p">19-44851</subfield>
      <subfield code="i">19-44851</subfield>
      <subfield code="g">65</subfield>
      <subfield code="o">004.6 V713m</subfield>
      <subfield code="e">Secretaría de Ext. Universitaria</subfield>
      <subfield code="8">CG</subfield>
    </datafield>
  </record>