
  <record>
    <leader>01000aam  22002601a 4500</leader>
    <controlfield tag="001">YPZ97682</controlfield>
    <controlfield tag="003">YPZ</controlfield>
    <controlfield tag="005">201305311822280</controlfield>
    <controlfield tag="008">130531|###########||||||b||||||||||spa|d</controlfield>
    <datafield tag="020" ind1=" " ind2=" ">
      <subfield code="a">9789871242764</subfield>
    </datafield>
    <datafield tag="040" ind1=" " ind2=" ">
      <subfield code="c">SIUNPA</subfield>
    </datafield>
    <datafield tag="041" ind1=" " ind2=" ">
      <subfield code="a">spa</subfield>
    </datafield>
    <datafield tag="044" ind1=" " ind2=" ">
      <subfield code="a">AR</subfield>
    </datafield>
    <datafield tag="080" ind1=" " ind2=" ">
      <subfield code="a">614.8 R175a</subfield>
    </datafield>
    <datafield tag="100" ind1=" " ind2=" ">
      <subfield code="a">Ramos, José.</subfield>
    </datafield>
    <datafield tag="700" ind1=" " ind2=" ">
      <subfield code="a">De Brea, Mabel.</subfield>
    </datafield>
    <datafield tag="700" ind1=" " ind2=" ">
      <subfield code="a">Barrera, Stella Maris.</subfield>
    </datafield>
    <datafield tag="245" ind1=" " ind2=" ">
      <subfield code="a">Atravesar la tragedia</subfield>
      <subfield code="b"> : manual con indicaciones y sugerencias para actuar en situaciones de desastres</subfield>
    </datafield>
    <datafield tag="250" ind1=" " ind2=" ">
      <subfield code="a">1a ed.</subfield>
    </datafield>
    <datafield tag="260" ind1=" " ind2=" ">
      <subfield code="a">Río Gallegos</subfield>
      <subfield code="b"> : Universidad Nacional de la Patagonia Austral, UNPAedita</subfield>
      <subfield code="c"> , 2013</subfield>
    </datafield>
    <datafield tag="650" ind1=" " ind2=" ">
      <subfield code="a"> SALUD PUBLICA</subfield>
    </datafield>
    <datafield tag="650" ind1=" " ind2=" ">
      <subfield code="a"> DESASTRES NATURALES</subfield>
    </datafield>
    <datafield tag="650" ind1=" " ind2=" ">
      <subfield code="a"> PROTECCION CIVIL</subfield>
    </datafield>
    <datafield tag="650" ind1=" " ind2=" ">
      <subfield code="a"> ACCIDENTE</subfield>
    </datafield>
    <datafield tag="942" ind1=" " ind2=" ">
      <subfield code="c">BK</subfield>
    </datafield>
    <datafield tag="952" ind1=" " ind2=" ">
      <subfield code="a">BIB_RECT</subfield>
      <subfield code="b">BIB_UACO</subfield>
      <subfield code="d">2013-05-31</subfield>
      <subfield code="y">BK</subfield>
      <subfield code="p">02-44844</subfield>
      <subfield code="i">02-44844</subfield>
      <subfield code="g">50</subfield>
      <subfield code="o">614.8 R175a</subfield>
      <subfield code="e">Secretaría de Ext. Universitaria</subfield>
      <subfield code="8">CG</subfield>
    </datafield>
    <datafield tag="952" ind1=" " ind2=" ">
      <subfield code="a">BIB_RECT</subfield>
      <subfield code="b">BIB_UACO</subfield>
      <subfield code="d">2013-05-31</subfield>
      <subfield code="y">BK</subfield>
      <subfield code="p">02-44845</subfield>
      <subfield code="i">02-44845</subfield>
      <subfield code="g">50</subfield>
      <subfield code="o">614.8 R175a</subfield>
      <subfield code="e">Secretaría de Ext. Universitaria</subfield>
      <subfield code="8">CG</subfield>
    </datafield>
    <datafield tag="952" ind1=" " ind2=" ">
      <subfield code="a">BIB_RECT</subfield>
      <subfield code="b">BIB_UACO</subfield>
      <subfield code="d">2013-05-31</subfield>
      <subfield code="y">BK</subfield>
      <subfield code="p">02-44846</subfield>
      <subfield code="i">02-44846</subfield>
      <subfield code="g">50</subfield>
      <subfield code="o">614.8 R175a</subfield>
      <subfield code="e">Secretaría de Ext. Universitaria</subfield>
      <subfield code="8">CG</subfield>
    </datafield>
    <datafield tag="952" ind1=" " ind2=" ">
      <subfield code="a">BIB_RECT</subfield>
      <subfield code="b">BIB_UART</subfield>
      <subfield code="d">2013-05-31</subfield>
      <subfield code="y">BK</subfield>
      <subfield code="p">03-44838</subfield>
      <subfield code="i">03-44838</subfield>
      <subfield code="g">50</subfield>
      <subfield code="o">614.8 R175a</subfield>
      <subfield code="e">Secretaría de Ext. Universitaria</subfield>
      <subfield code="8">CG</subfield>
    </datafield>
    <datafield tag="952" ind1=" " ind2=" ">
      <subfield code="a">BIB_RECT</subfield>
      <subfield code="b">BIB_UART</subfield>
      <subfield code="d">2013-05-31</subfield>
      <subfield code="y">BK</subfield>
      <subfield code="p">03-44839</subfield>
      <subfield code="i">03-44839</subfield>
      <subfield code="g">50</subfield>
      <subfield code="o">614.8 R175a</subfield>
      <subfield code="e">Secretaría de Ext. Universitaria</subfield>
      <subfield code="8">CG</subfield>
    </datafield>
    <datafield tag="952" ind1=" " ind2=" ">
      <subfield code="a">BIB_RECT</subfield>
      <subfield code="b">BIB_UART</subfield>
      <subfield code="d">2013-05-31</subfield>
      <subfield code="y">BK</subfield>
      <subfield code="p">03-44840</subfield>
      <subfield code="i">03-44840</subfield>
      <subfield code="g">50</subfield>
      <subfield code="o">614.8 R175a</subfield>
      <subfield code="e">Secretaría de Ext. Universitaria</subfield>
      <subfield code="8">CG</subfield>
    </datafield>
    <datafield tag="952" ind1=" " ind2=" ">
      <subfield code="a">BIB_RECT</subfield>
      <subfield code="b">BIB_UART</subfield>
      <subfield code="d">2013-05-31</subfield>
      <subfield code="y">BK</subfield>
      <subfield code="p">03-44841</subfield>
      <subfield code="i">03-44841</subfield>
      <subfield code="g">50</subfield>
      <subfield code="o">614.8 R175a</subfield>
      <subfield code="e">Secretaría de Ext. Universitaria</subfield>
      <subfield code="8">CG</subfield>
    </datafield>
    <datafield tag="952" ind1=" " ind2=" ">
      <subfield code="a">BIB_RECT</subfield>
      <subfield code="b">BIB_UASJ</subfield>
      <subfield code="d">2013-05-31</subfield>
      <subfield code="y">BK</subfield>
      <subfield code="p">04-44829</subfield>
      <subfield code="i">04-44829</subfield>
      <subfield code="g">50</subfield>
      <subfield code="o">614.8 R175a</subfield>
      <subfield code="e">Secretaría de Ext. Universitaria</subfield>
      <subfield code="8">CG</subfield>
    </datafield>
    <datafield tag="952" ind1=" " ind2=" ">
      <subfield code="a">BIB_RECT</subfield>
      <subfield code="b">BIB_UASJ</subfield>
      <subfield code="d">2013-05-31</subfield>
      <subfield code="y">BK</subfield>
      <subfield code="p">04-44830</subfield>
      <subfield code="i">04-44830</subfield>
      <subfield code="g">50</subfield>
      <subfield code="o">614.8 R175a</subfield>
      <subfield code="e">Secretaría de Ext. Universitaria</subfield>
      <subfield code="8">CG</subfield>
    </datafield>
    <datafield tag="952" ind1=" " ind2=" ">
      <subfield code="a">BIB_RECT</subfield>
      <subfield code="b">BIB_UARG</subfield>
      <subfield code="d">2013-05-31</subfield>
      <subfield code="y">BK</subfield>
      <subfield code="p">05-44822</subfield>
      <subfield code="i">05-44822</subfield>
      <subfield code="g">50</subfield>
      <subfield code="o">614.8 R175a</subfield>
      <subfield code="e">Secretaría de Ext. Universitaria</subfield>
      <subfield code="8">CG</subfield>
    </datafield>
    <datafield tag="952" ind1=" " ind2=" ">
      <subfield code="a">BIB_RECT</subfield>
      <subfield code="b">BIB_UARG</subfield>
      <subfield code="d">2013-05-31</subfield>
      <subfield code="y">BK</subfield>
      <subfield code="p">05-44823</subfield>
      <subfield code="i">05-44823</subfield>
      <subfield code="g">50</subfield>
      <subfield code="o">614.8 R175a</subfield>
      <subfield code="e">Secretaría de Ext. Universitaria</subfield>
      <subfield code="8">CG</subfield>
    </datafield>
    <datafield tag="952" ind1=" " ind2=" ">
      <subfield code="a">BIB_RECT</subfield>
      <subfield code="b">SAT_TRUN</subfield>
      <subfield code="d">2013-06-03</subfield>
      <subfield code="y">BK</subfield>
      <subfield code="p">10-44873</subfield>
      <subfield code="i">10-44873</subfield>
      <subfield code="g">50</subfield>
      <subfield code="o">614.8 R175a</subfield>
      <subfield code="e">Secretaría de Ext. Universitaria</subfield>
      <subfield code="8">CG</subfield>
    </datafield>
    <datafield tag="952" ind1=" " ind2=" ">
      <subfield code="a">BIB_RECT</subfield>
      <subfield code="b">SAT_PBNA</subfield>
      <subfield code="d">2013-06-03</subfield>
      <subfield code="y">BK</subfield>
      <subfield code="p">11-44870</subfield>
      <subfield code="i">11-44870</subfield>
      <subfield code="g">50</subfield>
      <subfield code="o">614.8 R175a</subfield>
      <subfield code="e">Secretaría de Ext. Universitaria</subfield>
      <subfield code="8">CG</subfield>
    </datafield>
    <datafield tag="952" ind1=" " ind2=" ">
      <subfield code="a">BIB_RECT</subfield>
      <subfield code="b">SAT_CLFT</subfield>
      <subfield code="d">2013-06-03</subfield>
      <subfield code="y">BK</subfield>
      <subfield code="p">12-44867</subfield>
      <subfield code="i">12-44867</subfield>
      <subfield code="g">50</subfield>
      <subfield code="o">614.8 R175a</subfield>
      <subfield code="e">Secretaría de Ext. Universitaria</subfield>
      <subfield code="8">CG</subfield>
    </datafield>
    <datafield tag="952" ind1=" " ind2=" ">
      <subfield code="a">BIB_RECT</subfield>
      <subfield code="b">SAT_PMDN </subfield>
      <subfield code="d">2013-06-03</subfield>
      <subfield code="y">BK</subfield>
      <subfield code="p">15-44864</subfield>
      <subfield code="i">15-44864</subfield>
      <subfield code="g">50</subfield>
      <subfield code="o">614.8 R175a</subfield>
      <subfield code="e">Secretaría de Ext. Universitaria</subfield>
      <subfield code="8">CG</subfield>
    </datafield>
    <datafield tag="952" ind1=" " ind2=" ">
      <subfield code="a">BIB_RECT</subfield>
      <subfield code="b">SAT_PDES</subfield>
      <subfield code="d">2013-06-03</subfield>
      <subfield code="y">BK</subfield>
      <subfield code="p">16-44855</subfield>
      <subfield code="i">16-44855</subfield>
      <subfield code="g">50</subfield>
      <subfield code="o">614.8 R175a</subfield>
      <subfield code="e">Secretaría de Ext. Universitaria</subfield>
      <subfield code="8">CG</subfield>
    </datafield>
    <datafield tag="952" ind1=" " ind2=" ">
      <subfield code="a">BIB_RECT</subfield>
      <subfield code="b">SAT_RGRA</subfield>
      <subfield code="d">2013-06-03</subfield>
      <subfield code="y">BK</subfield>
      <subfield code="p">17-44861</subfield>
      <subfield code="i">17-44861</subfield>
      <subfield code="g">50</subfield>
      <subfield code="o">614.8 R175a</subfield>
      <subfield code="e">Secretaría de Ext. Universitaria</subfield>
      <subfield code="8">CG</subfield>
    </datafield>
    <datafield tag="952" ind1=" " ind2=" ">
      <subfield code="a">BIB_RECT</subfield>
      <subfield code="b">SAT_GREG</subfield>
      <subfield code="d">2013-06-03</subfield>
      <subfield code="y">BK</subfield>
      <subfield code="p">18-44858</subfield>
      <subfield code="i">18-44858</subfield>
      <subfield code="g">50</subfield>
      <subfield code="o">614.8 R175a</subfield>
      <subfield code="e">Secretaría de Ext. Universitaria</subfield>
      <subfield code="8">CG</subfield>
    </datafield>
    <datafield tag="952" ind1=" " ind2=" ">
      <subfield code="a">BIB_RECT</subfield>
      <subfield code="b">SAT_USHU</subfield>
      <subfield code="d">2013-06-03</subfield>
      <subfield code="y">BK</subfield>
      <subfield code="p">19-44852</subfield>
      <subfield code="i">19-44852</subfield>
      <subfield code="g">50</subfield>
      <subfield code="o">614.8 R175a</subfield>
      <subfield code="e">Secretaría de Ext. Universitaria</subfield>
      <subfield code="8">CG</subfield>
    </datafield>
  </record>