
  <record>
    <leader>01000aam  22002601a 4500</leader>
    <controlfield tag="001">YPZ97683</controlfield>
    <controlfield tag="003">YPZ</controlfield>
    <controlfield tag="005">201305311840400</controlfield>
    <controlfield tag="008">130531|###########||||||b||||||||||spa|d</controlfield>
    <datafield tag="020" ind1=" " ind2=" ">
      <subfield code="a">9789871242788</subfield>
    </datafield>
    <datafield tag="040" ind1=" " ind2=" ">
      <subfield code="c">SIUNPA</subfield>
    </datafield>
    <datafield tag="041" ind1=" " ind2=" ">
      <subfield code="a">spa</subfield>
    </datafield>
    <datafield tag="044" ind1=" " ind2=" ">
      <subfield code="a">AR</subfield>
    </datafield>
    <datafield tag="080" ind1=" " ind2=" ">
      <subfield code="a">028.1 M971m</subfield>
    </datafield>
    <datafield tag="100" ind1=" " ind2=" ">
      <subfield code="a">Muñoz, Nora Isabel.</subfield>
    </datafield>
    <datafield tag="700" ind1=" " ind2=" ">
      <subfield code="a">Musci, Mónica Beatriz.</subfield>
    </datafield>
    <datafield tag="245" ind1=" " ind2=" ">
      <subfield code="a">Manual de lectura y escritura argumentativas</subfield>
      <subfield code="b"> : aproximaciones teóricas y actividades prácticas</subfield>
    </datafield>
    <datafield tag="250" ind1=" " ind2=" ">
      <subfield code="a">1a ed.</subfield>
    </datafield>
    <datafield tag="260" ind1=" " ind2=" ">
      <subfield code="a">Río Gallegos</subfield>
      <subfield code="b"> : Universidad Nacional de la Patagonia Austral, UNPAedita</subfield>
      <subfield code="c"> , 2013</subfield>
    </datafield>
    <datafield tag="650" ind1=" " ind2=" ">
      <subfield code="a"> ESCRITURA  LECTURA</subfield>
    </datafield>
    <datafield tag="650" ind1=" " ind2=" ">
      <subfield code="a"> ENSEÑANZA SECUNDARIA</subfield>
    </datafield>
    <datafield tag="650" ind1=" " ind2=" ">
      <subfield code="a"> ARGUMENTACION</subfield>
    </datafield>
    <datafield tag="650" ind1=" " ind2=" ">
      <subfield code="a"> COMPRENSION DE TEXTOS</subfield>
    </datafield>
    <datafield tag="650" ind1=" " ind2=" ">
      <subfield code="a"> ACTIVIDADES DE APRENDIZAJE</subfield>
    </datafield>
    <datafield tag="942" ind1=" " ind2=" ">
      <subfield code="c">BK</subfield>
    </datafield>
    <datafield tag="952" ind1=" " ind2=" ">
      <subfield code="a">BIB_RECT</subfield>
      <subfield code="b">BIB_UACO</subfield>
      <subfield code="d">2013-05-31</subfield>
      <subfield code="y">BK</subfield>
      <subfield code="p">02-44842</subfield>
      <subfield code="i">02-44842</subfield>
      <subfield code="g">70</subfield>
      <subfield code="o">028.1 M971m</subfield>
      <subfield code="e">Secretaría de Ext. Universitaria</subfield>
      <subfield code="8">CG</subfield>
    </datafield>
    <datafield tag="952" ind1=" " ind2=" ">
      <subfield code="a">BIB_RECT</subfield>
      <subfield code="b">BIB_UACO</subfield>
      <subfield code="d">2013-05-31</subfield>
      <subfield code="y">BK</subfield>
      <subfield code="p">02-44843</subfield>
      <subfield code="i">02-44843</subfield>
      <subfield code="g">70</subfield>
      <subfield code="o">028.1 M971m</subfield>
      <subfield code="e">Secretaría de Ext. Universitaria</subfield>
      <subfield code="8">CG</subfield>
    </datafield>
    <datafield tag="952" ind1=" " ind2=" ">
      <subfield code="a">BIB_RECT</subfield>
      <subfield code="b">BIB_UART</subfield>
      <subfield code="d">2013-05-31</subfield>
      <subfield code="y">BK</subfield>
      <subfield code="p">03-44836</subfield>
      <subfield code="i">03-44836</subfield>
      <subfield code="g">70</subfield>
      <subfield code="o">028.1 M971m</subfield>
      <subfield code="e">Secretaría de Ext. Universitaria</subfield>
      <subfield code="8">CG</subfield>
    </datafield>
    <datafield tag="952" ind1=" " ind2=" ">
      <subfield code="a">BIB_RECT</subfield>
      <subfield code="b">BIB_UART</subfield>
      <subfield code="d">2013-05-31</subfield>
      <subfield code="y">BK</subfield>
      <subfield code="p">03-44837</subfield>
      <subfield code="i">03-44837</subfield>
      <subfield code="g">70</subfield>
      <subfield code="o">028.1 M971m</subfield>
      <subfield code="e">Secretaría de Ext. Universitaria</subfield>
      <subfield code="8">CG</subfield>
    </datafield>
    <datafield tag="952" ind1=" " ind2=" ">
      <subfield code="a">BIB_RECT</subfield>
      <subfield code="b">BIB_UART</subfield>
      <subfield code="d">2016-09-13</subfield>
      <subfield code="y">BK</subfield>
      <subfield code="p">03-48251</subfield>
      <subfield code="i">03-48251</subfield>
      <subfield code="g">130</subfield>
      <subfield code="o">028.1 M971m</subfield>
      <subfield code="e">Donación</subfield>
      <subfield code="8">CG</subfield>
    </datafield>
    <datafield tag="952" ind1=" " ind2=" ">
      <subfield code="a">BIB_RECT</subfield>
      <subfield code="b">BIB_UASJ</subfield>
      <subfield code="d">2013-05-31</subfield>
      <subfield code="y">BK</subfield>
      <subfield code="p">04-44832</subfield>
      <subfield code="i">04-44832</subfield>
      <subfield code="g">70</subfield>
      <subfield code="o">028.1 M971m</subfield>
      <subfield code="e">Secretaría de Ext. Universitaria</subfield>
      <subfield code="8">CG</subfield>
    </datafield>
    <datafield tag="952" ind1=" " ind2=" ">
      <subfield code="a">BIB_RECT</subfield>
      <subfield code="b">BIB_UASJ</subfield>
      <subfield code="d">2013-05-31</subfield>
      <subfield code="y">BK</subfield>
      <subfield code="p">04-44833</subfield>
      <subfield code="i">04-44833</subfield>
      <subfield code="g">70</subfield>
      <subfield code="o">028.1 M971m</subfield>
      <subfield code="e">Secretaría de Ext. Universitaria</subfield>
      <subfield code="8">CG</subfield>
    </datafield>
    <datafield tag="952" ind1=" " ind2=" ">
      <subfield code="a">BIB_RECT</subfield>
      <subfield code="b">BIB_UARG</subfield>
      <subfield code="d">2013-05-31</subfield>
      <subfield code="y">BK</subfield>
      <subfield code="p">05-44824</subfield>
      <subfield code="i">05-44824</subfield>
      <subfield code="g">70</subfield>
      <subfield code="o">028.1 M971m</subfield>
      <subfield code="e">Secretaría de Ext. Universitaria</subfield>
      <subfield code="8">CG</subfield>
    </datafield>
    <datafield tag="952" ind1=" " ind2=" ">
      <subfield code="a">BIB_RECT</subfield>
      <subfield code="b">BIB_UARG</subfield>
      <subfield code="d">2013-05-31</subfield>
      <subfield code="y">BK</subfield>
      <subfield code="p">05-44825</subfield>
      <subfield code="i">05-44825</subfield>
      <subfield code="g">70</subfield>
      <subfield code="o">028.1 M971m</subfield>
      <subfield code="e">Secretaría de Ext. Universitaria</subfield>
      <subfield code="8">CG</subfield>
    </datafield>
    <datafield tag="952" ind1=" " ind2=" ">
      <subfield code="a">BIB_RECT</subfield>
      <subfield code="b">BIB_UARG</subfield>
      <subfield code="d">2013-05-31</subfield>
      <subfield code="y">BK</subfield>
      <subfield code="p">05-44826</subfield>
      <subfield code="i">05-44826</subfield>
      <subfield code="g">70</subfield>
      <subfield code="o">028.1 M971m</subfield>
      <subfield code="e">Secretaría de Ext. Universitaria</subfield>
      <subfield code="8">CG</subfield>
    </datafield>
    <datafield tag="952" ind1=" " ind2=" ">
      <subfield code="a">BIB_RECT</subfield>
      <subfield code="b">BIB_UARG</subfield>
      <subfield code="d">2013-05-31</subfield>
      <subfield code="y">BK</subfield>
      <subfield code="p">05-44827</subfield>
      <subfield code="i">05-44827</subfield>
      <subfield code="g">70</subfield>
      <subfield code="o">028.1 M971m</subfield>
      <subfield code="e">Secretaría de Ext. Universitaria</subfield>
      <subfield code="8">CG</subfield>
    </datafield>
    <datafield tag="952" ind1=" " ind2=" ">
      <subfield code="a">BIB_RECT</subfield>
      <subfield code="b">BIB_UARG</subfield>
      <subfield code="d">2013-05-31</subfield>
      <subfield code="y">BK</subfield>
      <subfield code="p">05-44828</subfield>
      <subfield code="i">05-44828</subfield>
      <subfield code="g">70</subfield>
      <subfield code="o">028.1 M971m</subfield>
      <subfield code="e">Sec. de Ext. Universitaria|Repos./17</subfield>
      <subfield code="8">CG</subfield>
    </datafield>
    <datafield tag="952" ind1=" " ind2=" ">
      <subfield code="a">BIB_RECT</subfield>
      <subfield code="b">SAT_TRUN</subfield>
      <subfield code="d">2013-06-03</subfield>
      <subfield code="y">BK</subfield>
      <subfield code="p">10-44874</subfield>
      <subfield code="i">10-44874</subfield>
      <subfield code="g">70</subfield>
      <subfield code="o">028.1 M971m</subfield>
      <subfield code="e">Secretaría de Ext. Universitaria</subfield>
      <subfield code="8">CG</subfield>
    </datafield>
    <datafield tag="952" ind1=" " ind2=" ">
      <subfield code="a">BIB_RECT</subfield>
      <subfield code="b">SAT_PBNA</subfield>
      <subfield code="d">2013-06-03</subfield>
      <subfield code="y">BK</subfield>
      <subfield code="p">11-44871</subfield>
      <subfield code="i">11-44871</subfield>
      <subfield code="g">70</subfield>
      <subfield code="o">028.1 M971m</subfield>
      <subfield code="e">Secretaría de Ext. Universitaria</subfield>
      <subfield code="8">CG</subfield>
    </datafield>
    <datafield tag="952" ind1=" " ind2=" ">
      <subfield code="a">BIB_RECT</subfield>
      <subfield code="b">SAT_CLFT</subfield>
      <subfield code="d">2013-06-03</subfield>
      <subfield code="y">BK</subfield>
      <subfield code="p">12-44868</subfield>
      <subfield code="i">12-44868</subfield>
      <subfield code="g">70</subfield>
      <subfield code="o">028.1 M971m</subfield>
      <subfield code="e">Secretaría de Ext. Universitaria</subfield>
      <subfield code="8">CG</subfield>
    </datafield>
    <datafield tag="952" ind1=" " ind2=" ">
      <subfield code="a">BIB_RECT</subfield>
      <subfield code="b">SAT_PMDN </subfield>
      <subfield code="d">2013-06-03</subfield>
      <subfield code="y">BK</subfield>
      <subfield code="p">15-44865</subfield>
      <subfield code="i">15-44865</subfield>
      <subfield code="g">70</subfield>
      <subfield code="o">028.1 M971m</subfield>
      <subfield code="e">Secretaría de Ext. Universitaria</subfield>
      <subfield code="8">CG</subfield>
    </datafield>
    <datafield tag="952" ind1=" " ind2=" ">
      <subfield code="a">BIB_RECT</subfield>
      <subfield code="b">SAT_PDES</subfield>
      <subfield code="d">2013-06-03</subfield>
      <subfield code="y">BK</subfield>
      <subfield code="p">16-44856</subfield>
      <subfield code="i">16-44856</subfield>
      <subfield code="g">70</subfield>
      <subfield code="o">028.1 M971m</subfield>
      <subfield code="e">Secretaría de Ext. Universitaria</subfield>
      <subfield code="8">CG</subfield>
    </datafield>
    <datafield tag="952" ind1=" " ind2=" ">
      <subfield code="a">BIB_RECT</subfield>
      <subfield code="b">SAT_RGRA</subfield>
      <subfield code="d">2013-06-03</subfield>
      <subfield code="y">BK</subfield>
      <subfield code="p">17-44862</subfield>
      <subfield code="i">17-44862</subfield>
      <subfield code="g">70</subfield>
      <subfield code="o">028.1 M971m</subfield>
      <subfield code="e">Secretaría de Ext. Universitaria</subfield>
      <subfield code="8">CG</subfield>
    </datafield>
    <datafield tag="952" ind1=" " ind2=" ">
      <subfield code="a">BIB_RECT</subfield>
      <subfield code="b">SAT_GREG</subfield>
      <subfield code="d">2013-06-03</subfield>
      <subfield code="y">BK</subfield>
      <subfield code="p">18-44859</subfield>
      <subfield code="i">18-44859</subfield>
      <subfield code="g">70</subfield>
      <subfield code="o">028.1 M971m</subfield>
      <subfield code="e">Secretaría de Ext. Universitaria</subfield>
      <subfield code="8">CG</subfield>
    </datafield>
    <datafield tag="952" ind1=" " ind2=" ">
      <subfield code="a">BIB_RECT</subfield>
      <subfield code="b">SAT_USHU</subfield>
      <subfield code="d">2013-06-03</subfield>
      <subfield code="y">BK</subfield>
      <subfield code="p">19-44853</subfield>
      <subfield code="i">19-44853</subfield>
      <subfield code="g">70</subfield>
      <subfield code="o">028.1 M971m</subfield>
      <subfield code="e">Secretaría de Ext. Universitaria</subfield>
      <subfield code="8">CG</subfield>
    </datafield>
  </record>