
  <record>
    <leader>01000aam  22002601a 4500</leader>
    <controlfield tag="001">YPZ97684</controlfield>
    <controlfield tag="003">YPZ</controlfield>
    <controlfield tag="005">201306031558050</controlfield>
    <controlfield tag="008">130603|###########||||||b||||||||||spa|d</controlfield>
    <datafield tag="020" ind1=" " ind2=" ">
      <subfield code="a">9681839854</subfield>
    </datafield>
    <datafield tag="040" ind1=" " ind2=" ">
      <subfield code="c">SIUNPA</subfield>
    </datafield>
    <datafield tag="041" ind1=" " ind2=" ">
      <subfield code="a">spa</subfield>
    </datafield>
    <datafield tag="044" ind1=" " ind2=" ">
      <subfield code="a">MX</subfield>
    </datafield>
    <datafield tag="080" ind1=" " ind2=" ">
      <subfield code="a">517.2 P677c</subfield>
    </datafield>
    <datafield tag="100" ind1=" " ind2=" ">
      <subfield code="a">Piskunov, N..</subfield>
    </datafield>
    <datafield tag="245" ind1=" " ind2=" ">
      <subfield code="a">Cálculo diferencial e integral</subfield>
      <subfield code="c"> / Departamento Técnico Montaner y Simón, tr. ; Vázquez y Fernández-Victorio, Carlos, rev. técnico</subfield>
    </datafield>
    <datafield tag="260" ind1=" " ind2=" ">
      <subfield code="a">México, D.F.</subfield>
      <subfield code="b"> : Limusa</subfield>
      <subfield code="c"> , [ca1983]</subfield>
    </datafield>
    <datafield tag="500" ind1=" " ind2=" ">
      <subfield code="a">El año de reimpresión varía según el ejemplar</subfield>
    </datafield>
    <datafield tag="650" ind1=" " ind2=" ">
      <subfield code="a"> CALCULO DIFERENCIAL</subfield>
    </datafield>
    <datafield tag="650" ind1=" " ind2=" ">
      <subfield code="a"> CALCULO INTEGRAL</subfield>
    </datafield>
    <datafield tag="942" ind1=" " ind2=" ">
      <subfield code="c">BK</subfield>
    </datafield>
    <datafield tag="952" ind1=" " ind2=" ">
      <subfield code="a">BIB_RECT</subfield>
      <subfield code="b">BIB_UACO</subfield>
      <subfield code="d">2013-06-03</subfield>
      <subfield code="y">BK</subfield>
      <subfield code="p">02-03091</subfield>
      <subfield code="i">02-03091</subfield>
      <subfield code="g">120</subfield>
      <subfield code="o">517.2 P677c</subfield>
      <subfield code="e">Compra UACO</subfield>
      <subfield code="8">CG</subfield>
    </datafield>
    <datafield tag="952" ind1=" " ind2=" ">
      <subfield code="a">BIB_RECT</subfield>
      <subfield code="b">BIB_UACO</subfield>
      <subfield code="d">2013-06-03</subfield>
      <subfield code="y">BK</subfield>
      <subfield code="p">02-03493</subfield>
      <subfield code="i">02-03493</subfield>
      <subfield code="g">120</subfield>
      <subfield code="o">517.2 P677c</subfield>
      <subfield code="e">Compra UACO</subfield>
      <subfield code="8">CG</subfield>
    </datafield>
    <datafield tag="952" ind1=" " ind2=" ">
      <subfield code="a">BIB_RECT</subfield>
      <subfield code="b">BIB_UACO</subfield>
      <subfield code="d">2013-06-03</subfield>
      <subfield code="y">BK</subfield>
      <subfield code="p">02-03621</subfield>
      <subfield code="i">02-03621</subfield>
      <subfield code="g">120</subfield>
      <subfield code="o">517.2 P677c</subfield>
      <subfield code="e">Compra UACO</subfield>
      <subfield code="8">CG</subfield>
    </datafield>
    <datafield tag="952" ind1=" " ind2=" ">
      <subfield code="a">BIB_RECT</subfield>
      <subfield code="b">BIB_UARG</subfield>
      <subfield code="d">2013-06-03</subfield>
      <subfield code="y">BK</subfield>
      <subfield code="p">05-09272</subfield>
      <subfield code="i">05-09272</subfield>
      <subfield code="g">120</subfield>
      <subfield code="o">517.2 P677c</subfield>
      <subfield code="e">Migración UARG</subfield>
      <subfield code="8">CG</subfield>
    </datafield>
    <datafield tag="952" ind1=" " ind2=" ">
      <subfield code="a">BIB_RECT</subfield>
      <subfield code="b">BIB_UARG</subfield>
      <subfield code="d">2013-06-03</subfield>
      <subfield code="y">BK</subfield>
      <subfield code="p">05-09851</subfield>
      <subfield code="i">05-09851</subfield>
      <subfield code="g">120</subfield>
      <subfield code="o">517.2 P677c</subfield>
      <subfield code="e">Migración UARG</subfield>
      <subfield code="8">CG</subfield>
    </datafield>
    <datafield tag="952" ind1=" " ind2=" ">
      <subfield code="a">BIB_RECT</subfield>
      <subfield code="b">BIB_UARG</subfield>
      <subfield code="d">2013-06-03</subfield>
      <subfield code="y">BK</subfield>
      <subfield code="p">05-09852</subfield>
      <subfield code="i">05-09852</subfield>
      <subfield code="g">120</subfield>
      <subfield code="o">517.2 P677c</subfield>
      <subfield code="e">Migración UARG</subfield>
      <subfield code="8">CG</subfield>
    </datafield>
  </record>