
  <record>
    <leader>01000aam  22002601a 4500</leader>
    <controlfield tag="001">YPZ97731</controlfield>
    <controlfield tag="003">YPZ</controlfield>
    <controlfield tag="005">201306131105140</controlfield>
    <controlfield tag="008">130613|###########||||||b||||||||||spa|d</controlfield>
    <datafield tag="020" ind1=" " ind2=" ">
      <subfield code="a">9871172060</subfield>
    </datafield>
    <datafield tag="040" ind1=" " ind2=" ">
      <subfield code="c">SIUNPA</subfield>
    </datafield>
    <datafield tag="041" ind1=" " ind2=" ">
      <subfield code="a">spa</subfield>
    </datafield>
    <datafield tag="044" ind1=" " ind2=" ">
      <subfield code="a">AR</subfield>
    </datafield>
    <datafield tag="080" ind1=" " ind2=" ">
      <subfield code="a">378 E244ed</subfield>
    </datafield>
    <datafield tag="245" ind1=" " ind2=" ">
      <subfield code="a">Educación superior</subfield>
      <subfield code="b"> : convergencia entre América Latina y Europa. procesos de evaluación y acreditación de la calidad</subfield>
      <subfield code="c"> / Mora, José-Ginés, coord. ; Fernández Lamarra, Norberto, coord.</subfield>
    </datafield>
    <datafield tag="250" ind1=" " ind2=" ">
      <subfield code="a">1a ed.</subfield>
    </datafield>
    <datafield tag="260" ind1=" " ind2=" ">
      <subfield code="a">Caseros, Buenos Aires</subfield>
      <subfield code="b"> : EDUNTREF, Editorial de la Universidad Nacional de Tres de Febrero</subfield>
      <subfield code="c"> , 2005</subfield>
    </datafield>
    <datafield tag="300" ind1=" " ind2=" ">
      <subfield code="a">140 p. : </subfield>
      <subfield code="a">139 p. : </subfield>
      <subfield code="a">134 p. : </subfield>
      <subfield code="b">il. ; </subfield>
      <subfield code="a">245 p. : </subfield>
      <subfield code="a">250 p. : </subfield>
      <subfield code="a">126 p. : </subfield>
      <subfield code="a">309 p. : </subfield>
      <subfield code="a">215 p. : </subfield>
      <subfield code="a">148 p. : </subfield>
      <subfield code="a">132 p. : </subfield>
      <subfield code="a">339 p. : </subfield>
      <subfield code="b">il. ; </subfield>
      <subfield code="a">308 p. : </subfield>
      <subfield code="b">il. ; </subfield>
      <subfield code="a">346 p. : </subfield>
      <subfield code="a">355 p. : </subfield>
      <subfield code="a">72 p. : </subfield>
      <subfield code="a">419 p. : </subfield>
      <subfield code="b">il. ; </subfield>
      <subfield code="a">[584] p. en varias paginaciones : </subfield>
      <subfield code="b">il. ; </subfield>
      <subfield code="a">[574] p. en varias paginaciones : </subfield>
      <subfield code="b">il. ; </subfield>
      <subfield code="a">[553] p. en varias paginaciones, algunas pleg. : </subfield>
      <subfield code="b">il. ; </subfield>
      <subfield code="a">xlviii, 951 p. : </subfield>
      <subfield code="b">il. ; </subfield>
      <subfield code="a">xxxiv, 808 p. : </subfield>
      <subfield code="b">il. ; </subfield>
      <subfield code="a">483 p. : </subfield>
      <subfield code="b">il. ; </subfield>
      <subfield code="a">131 p. : </subfield>
      <subfield code="b">il. ; </subfield>
      <subfield code="a">211 p. : </subfield>
      <subfield code="b">il. ; </subfield>
      <subfield code="a">183 p. : </subfield>
      <subfield code="b">il. ; </subfield>
      <subfield code="a">190 p. : </subfield>
      <subfield code="a">226 p. : </subfield>
      <subfield code="b">il. ; </subfield>
      <subfield code="a">200 p. : </subfield>
      <subfield code="b">il. ; </subfield>
      <subfield code="a">238 p. : </subfield>
      <subfield code="b">il. ; </subfield>
      <subfield code="a">88 p. : </subfield>
      <subfield code="b">il. ; </subfield>
      <subfield code="a">129 p. : </subfield>
      <subfield code="b">il. ; </subfield>
      <subfield code="a">205 p. : </subfield>
      <subfield code="b">il. ; </subfield>
      <subfield code="a">164 p. : </subfield>
      <subfield code="a">xxx, [1251] p. en varias paginaciones : </subfield>
      <subfield code="a">166 p. : </subfield>
      <subfield code="b">il. ; </subfield>
      <subfield code="a">125 p. : </subfield>
      <subfield code="b">il. ; </subfield>
      <subfield code="a">118 p. : </subfield>
      <subfield code="b">cuadros ; </subfield>
      <subfield code="a">xv, 1019 p. : </subfield>
      <subfield code="b">gráf. ; </subfield>
      <subfield code="a">519 p. : </subfield>
      <subfield code="b">il. ; </subfield>
      <subfield code="a">268 p. : </subfield>
      <subfield code="b">il. ; </subfield>
      <subfield code="a">166 p. : </subfield>
      <subfield code="b">il. ; </subfield>
      <subfield code="a">xxvii, 960 p. : </subfield>
      <subfield code="a">xxvii, 1004 p. : </subfield>
      <subfield code="b">il. ; </subfield>
      <subfield code="a">[606] p. en varias paginaciones, algunas pleg. : </subfield>
      <subfield code="b">il. ; </subfield>
      <subfield code="a">[ca.500] p. en varias paginaciones : </subfield>
      <subfield code="b">il. ; </subfield>
      <subfield code="a">394 p. : </subfield>
      <subfield code="b">il. ; </subfield>
      <subfield code="a">[588] p. en varias paginaciones, algunas pleg. : </subfield>
      <subfield code="b">il. ; </subfield>
      <subfield code="a">xxxi, 490 p., algunas pleg. : </subfield>
      <subfield code="b">il. ; </subfield>
      <subfield code="a">488 p. : </subfield>
      <subfield code="b">il. ; </subfield>
      <subfield code="a">492 p. : </subfield>
      <subfield code="b">il. ; </subfield>
      <subfield code="a">531 p., algunas pleg. : </subfield>
      <subfield code="b">il. ; </subfield>
      <subfield code="a">600 p. : </subfield>
      <subfield code="b">il. ; </subfield>
      <subfield code="a">97 p. : </subfield>
      <subfield code="a">80 p. : </subfield>
      <subfield code="a">356 p. : </subfield>
      <subfield code="a">98 p. : </subfield>
      <subfield code="b">il. ; </subfield>
      <subfield code="a">146 h. : </subfield>
      <subfield code="b">il. ; </subfield>
      <subfield code="a">158 p. : </subfield>
      <subfield code="b">il. ; </subfield>
      <subfield code="a">60 p. : </subfield>
      <subfield code="a">97 p. : </subfield>
      <subfield code="b">il. ; </subfield>
      <subfield code="a">77 p. : </subfield>
      <subfield code="a">375 p. : </subfield>
      <subfield code="b">il. ; </subfield>
      <subfield code="a">118 p. : </subfield>
      <subfield code="b">cuadros ; </subfield>
      <subfield code="a">110 p. : </subfield>
      <subfield code="a">348 p. : </subfield>
      <subfield code="e">1 CD-ROM en bolsillo</subfield>
    </datafield>
    <datafield tag="500" ind1=" " ind2=" ">
      <subfield code="a">En cub.: Proyecto ALFA-ACRO Acreditación para el Reconocimiento Oficial</subfield>
    </datafield>
    <datafield tag="650" ind1=" " ind2=" ">
      <subfield code="a"> UNIVERSIDADES  ACREDITACION</subfield>
    </datafield>
    <datafield tag="650" ind1=" " ind2=" ">
      <subfield code="a"> EDUCACION SUPERIOR</subfield>
    </datafield>
    <datafield tag="650" ind1=" " ind2=" ">
      <subfield code="a"> ENSEÑANZA UNIVERSITARIA</subfield>
    </datafield>
    <datafield tag="650" ind1=" " ind2=" ">
      <subfield code="a"> AMERICA LATINA</subfield>
    </datafield>
    <datafield tag="650" ind1=" " ind2=" ">
      <subfield code="a"> EUROPA</subfield>
    </datafield>
    <datafield tag="942" ind1=" " ind2=" ">
      <subfield code="c">BK</subfield>
    </datafield>
    <datafield tag="952" ind1=" " ind2=" ">
      <subfield code="a">BIB_RECT</subfield>
      <subfield code="b">BIB_UACO</subfield>
      <subfield code="d">2013-06-13</subfield>
      <subfield code="y">BK</subfield>
      <subfield code="p">02-44908</subfield>
      <subfield code="i">02-44908</subfield>
      <subfield code="g">180</subfield>
      <subfield code="o">378 E244ed</subfield>
      <subfield code="e">Canje</subfield>
      <subfield code="8">CG</subfield>
    </datafield>
    <datafield tag="952" ind1=" " ind2=" ">
      <subfield code="a">BIB_RECT</subfield>
      <subfield code="b">BIB_UACO</subfield>
      <subfield code="d">2013-06-13</subfield>
      <subfield code="y">BK</subfield>
      <subfield code="p">02-44909</subfield>
      <subfield code="i">02-44909</subfield>
      <subfield code="g">180</subfield>
      <subfield code="o">378 E244ed</subfield>
      <subfield code="e">Canje</subfield>
      <subfield code="8">CG</subfield>
    </datafield>
  </record>