
  <record>
    <leader>01000aam  22002601a 4500</leader>
    <controlfield tag="001">YPZ97749</controlfield>
    <controlfield tag="003">YPZ</controlfield>
    <controlfield tag="005">201306141453310</controlfield>
    <controlfield tag="008">130614|###########||||||b||||||||||spa|d</controlfield>
    <datafield tag="020" ind1=" " ind2=" ">
      <subfield code="a">9872084866</subfield>
    </datafield>
    <datafield tag="020" ind1=" " ind2=" ">
      <subfield code="a">9789872084868</subfield>
    </datafield>
    <datafield tag="040" ind1=" " ind2=" ">
      <subfield code="c">SIUNPA</subfield>
    </datafield>
    <datafield tag="041" ind1=" " ind2=" ">
      <subfield code="a">spa</subfield>
    </datafield>
    <datafield tag="044" ind1=" " ind2=" ">
      <subfield code="a">AR</subfield>
    </datafield>
    <datafield tag="080" ind1=" " ind2=" ">
      <subfield code="a">94(828.8) T673h</subfield>
    </datafield>
    <datafield tag="100" ind1=" " ind2=" ">
      <subfield code="a">Topcic, D. Osvaldo.</subfield>
    </datafield>
    <datafield tag="245" ind1=" " ind2=" ">
      <subfield code="a">Historia de la provincia de Santa Cruz</subfield>
      <subfield code="b"> : crónicas y testimonios</subfield>
    </datafield>
    <datafield tag="260" ind1=" " ind2=" ">
      <subfield code="a">Córdoba</subfield>
      <subfield code="b"> : Centros de Estudios Históricos Prof. Carlos S. A. Segreti</subfield>
      <subfield code="c"> , 2006</subfield>
    </datafield>
    <datafield tag="650" ind1=" " ind2=" ">
      <subfield code="a"> HISTORIA DE SANTA CRUZ</subfield>
    </datafield>
    <datafield tag="650" ind1=" " ind2=" ">
      <subfield code="a"> TEHUELCHES </subfield>
    </datafield>
    <datafield tag="650" ind1=" " ind2=" ">
      <subfield code="a"> INDIGENAS</subfield>
    </datafield>
    <datafield tag="650" ind1=" " ind2=" ">
      <subfield code="a"> SANTA CRUZ (ARGENTINA)</subfield>
    </datafield>
    <datafield tag="942" ind1=" " ind2=" ">
      <subfield code="c">BK</subfield>
    </datafield>
    <datafield tag="952" ind1=" " ind2=" ">
      <subfield code="a">BIB_RECT</subfield>
      <subfield code="b">BIB_UARG</subfield>
      <subfield code="d">2013-06-13</subfield>
      <subfield code="y">BK</subfield>
      <subfield code="p">05-44924</subfield>
      <subfield code="i">05-44924</subfield>
      <subfield code="g">130</subfield>
      <subfield code="o">94(828.8) T673h</subfield>
      <subfield code="e">Lescano, Jorge</subfield>
      <subfield code="8">CG</subfield>
    </datafield>
  </record>