
  <record>
    <leader>01000aam  22002601a 4500</leader>
    <controlfield tag="001">YPZ97766</controlfield>
    <controlfield tag="003">YPZ</controlfield>
    <controlfield tag="005">201306181050190</controlfield>
    <controlfield tag="008">130618|###########||||||b||||||||||spa|d</controlfield>
    <datafield tag="040" ind1=" " ind2=" ">
      <subfield code="c">SIUNPA</subfield>
    </datafield>
    <datafield tag="041" ind1=" " ind2=" ">
      <subfield code="a">spa</subfield>
    </datafield>
    <datafield tag="044" ind1=" " ind2=" ">
      <subfield code="a">AR</subfield>
    </datafield>
    <datafield tag="080" ind1=" " ind2=" ">
      <subfield code="a">141.82 L489m6</subfield>
    </datafield>
    <datafield tag="100" ind1=" " ind2=" ">
      <subfield code="a">Lefebvre, Henri.</subfield>
    </datafield>
    <datafield tag="245" ind1=" " ind2=" ">
      <subfield code="a">El marxismo</subfield>
      <subfield code="c"> / Simpson, Thomas Moro, tr. ; Plá, Alberto, rev. técnica</subfield>
    </datafield>
    <datafield tag="250" ind1=" " ind2=" ">
      <subfield code="a">6a ed.</subfield>
    </datafield>
    <datafield tag="260" ind1=" " ind2=" ">
      <subfield code="a">Buenos Aires</subfield>
      <subfield code="b"> : Eudeba</subfield>
      <subfield code="c"> , 1966</subfield>
    </datafield>
    <datafield tag="440" ind1=" " ind2=" ">
      <subfield code="a">Hoy x hoy</subfield>
      <subfield code="a">Pensamiento social</subfield>
      <subfield code="a">Biblioteca la siringa</subfield>
      <subfield code="a">Colección política, servicios y trabajo social</subfield>
      <subfield code="a">Lectores de Eudeba</subfield>
      <subfield code="v">14</subfield>
    </datafield>
    <datafield tag="490" ind1=" " ind2=" ">
      <subfield code="a">Hoy x hoy</subfield>
      <subfield code="a">Pensamiento social</subfield>
      <subfield code="a">Biblioteca la siringa</subfield>
      <subfield code="a">Colección política, servicios y trabajo social</subfield>
      <subfield code="a">Lectores de Eudeba</subfield>
      <subfield code="v">14</subfield>
    </datafield>
    <datafield tag="650" ind1=" " ind2=" ">
      <subfield code="a"> MARXISMO</subfield>
    </datafield>
    <datafield tag="942" ind1=" " ind2=" ">
      <subfield code="c">BK</subfield>
    </datafield>
    <datafield tag="952" ind1=" " ind2=" ">
      <subfield code="a">BIB_RECT</subfield>
      <subfield code="b">BIB_UARG</subfield>
      <subfield code="d">2013-06-18</subfield>
      <subfield code="y">BK</subfield>
      <subfield code="p">05-44955</subfield>
      <subfield code="i">05-44955</subfield>
      <subfield code="g">35</subfield>
      <subfield code="o">141.82 L489m6</subfield>
      <subfield code="e">Lescano, Jorge</subfield>
      <subfield code="8">CG</subfield>
    </datafield>
  </record>