
  <record>
    <leader>01000aam  22002601a 4500</leader>
    <controlfield tag="001">YPZ97840</controlfield>
    <controlfield tag="003">YPZ</controlfield>
    <controlfield tag="005">201307041509430</controlfield>
    <controlfield tag="008">130704|###########||||||b||||||||||spa|d</controlfield>
    <datafield tag="020" ind1=" " ind2=" ">
      <subfield code="a">9789875442146</subfield>
    </datafield>
    <datafield tag="040" ind1=" " ind2=" ">
      <subfield code="c">SIUNPA</subfield>
    </datafield>
    <datafield tag="041" ind1=" " ind2=" ">
      <subfield code="a">spa</subfield>
      <subfield code="a">eng</subfield>
    </datafield>
    <datafield tag="044" ind1=" " ind2=" ">
      <subfield code="a">AR</subfield>
    </datafield>
    <datafield tag="080" ind1=" " ind2=" ">
      <subfield code="a">371.13(485) F723f</subfield>
    </datafield>
    <datafield tag="245" ind1=" " ind2=" ">
      <subfield code="a">La formación de profesores en Suecia y Argentina</subfield>
      <subfield code="b"> : lecturas y perspectivas convergentes</subfield>
      <subfield code="c"> / Borgström, María, comp. ; Porta, Luis, comp.</subfield>
    </datafield>
    <datafield tag="246" ind1=" " ind2=" ">
      <subfield code="a">Teacher education in Sweden and Argentina: converging readings and perspectives.</subfield>
    </datafield>
    <datafield tag="250" ind1=" " ind2=" ">
      <subfield code="a">1a ed.</subfield>
    </datafield>
    <datafield tag="260" ind1=" " ind2=" ">
      <subfield code="a">Mar del Plata</subfield>
      <subfield code="b"> : Universidad Nacional de Mar del Plata</subfield>
      <subfield code="c"> , 2007</subfield>
    </datafield>
    <datafield tag="440" ind1=" " ind2=" ">
      <subfield code="a">Biblioteca manantial. Libros de bolsillos completos</subfield>
      <subfield code="a">Biblioteca básica universal</subfield>
      <subfield code="a">Biblioteca básica universal</subfield>
      <subfield code="a">Biblioteca básica universal</subfield>
      <subfield code="a">Pelican books</subfield>
      <subfield code="a">Colección rescate</subfield>
      <subfield code="a">Serie ETP, espacio de la teoría y la práctica</subfield>
      <subfield code="v">4</subfield>
    </datafield>
    <datafield tag="490" ind1=" " ind2=" ">
      <subfield code="a">Biblioteca manantial. Libros de bolsillos completos</subfield>
      <subfield code="a">Biblioteca básica universal</subfield>
      <subfield code="a">Biblioteca básica universal</subfield>
      <subfield code="a">Biblioteca básica universal</subfield>
      <subfield code="a">Pelican books</subfield>
      <subfield code="a">Colección rescate</subfield>
      <subfield code="a">Serie ETP, espacio de la teoría y la práctica</subfield>
      <subfield code="v">4</subfield>
    </datafield>
    <datafield tag="650" ind1=" " ind2=" ">
      <subfield code="a"> FORMACION DE DOCENTES</subfield>
    </datafield>
    <datafield tag="650" ind1=" " ind2=" ">
      <subfield code="a"> FORMACION PROFESIONAL</subfield>
    </datafield>
    <datafield tag="650" ind1=" " ind2=" ">
      <subfield code="a"> ARGENTINA </subfield>
    </datafield>
    <datafield tag="650" ind1=" " ind2=" ">
      <subfield code="a"> SUECIA</subfield>
    </datafield>
    <datafield tag="942" ind1=" " ind2=" ">
      <subfield code="c">BK</subfield>
    </datafield>
    <datafield tag="952" ind1=" " ind2=" ">
      <subfield code="a">BIB_RECT</subfield>
      <subfield code="b">BIB_UASJ</subfield>
      <subfield code="d">2013-07-01</subfield>
      <subfield code="y">BK</subfield>
      <subfield code="p">04-45040</subfield>
      <subfield code="i">04-45040</subfield>
      <subfield code="g">45</subfield>
      <subfield code="o">371.13(485) F723f</subfield>
      <subfield code="e">Canje SIUNPA</subfield>
      <subfield code="8">CG</subfield>
    </datafield>
  </record>