
  <record>
    <leader>01000aam  22002601a 4500</leader>
    <controlfield tag="001">YPZ97843</controlfield>
    <controlfield tag="003">YPZ</controlfield>
    <controlfield tag="005">201307041627330</controlfield>
    <controlfield tag="008">130704|###########||||||b||||||||||spa|d</controlfield>
    <datafield tag="020" ind1=" " ind2=" ">
      <subfield code="a">9502906543</subfield>
    </datafield>
    <datafield tag="040" ind1=" " ind2=" ">
      <subfield code="c">SIUNPA</subfield>
    </datafield>
    <datafield tag="041" ind1=" " ind2=" ">
      <subfield code="a">spa</subfield>
    </datafield>
    <datafield tag="044" ind1=" " ind2=" ">
      <subfield code="a">AR</subfield>
    </datafield>
    <datafield tag="080" ind1=" " ind2=" ">
      <subfield code="a">378.4 U588q</subfield>
    </datafield>
    <datafield tag="110" ind1=" " ind2=" ">
      <subfield code="a">Universidad de Buenos Aires. Secretaría de Ciencia y Técnica.</subfield>
    </datafield>
    <datafield tag="245" ind1=" " ind2=" ">
      <subfield code="a">Quince años de investigación científica en la Universidad de Buenos Aires</subfield>
      <subfield code="b"> : 1986-2001</subfield>
    </datafield>
    <datafield tag="250" ind1=" " ind2=" ">
      <subfield code="a">1a ed.</subfield>
    </datafield>
    <datafield tag="260" ind1=" " ind2=" ">
      <subfield code="a">Buenos Aires</subfield>
      <subfield code="b"> : Secretaría de Ciencia y Técnica, Universidad de Buenos Aires</subfield>
      <subfield code="c"> , 2001</subfield>
    </datafield>
    <datafield tag="300" ind1=" " ind2=" ">
      <subfield code="a">126 p. : </subfield>
      <subfield code="a">296 p. : </subfield>
      <subfield code="a">142 p. : </subfield>
      <subfield code="a">198 p. : </subfield>
      <subfield code="b">il. ; </subfield>
      <subfield code="a">301 p. : </subfield>
      <subfield code="a">189 p. : </subfield>
      <subfield code="b">il. ; </subfield>
      <subfield code="a">338 p. : </subfield>
      <subfield code="b">il. ; </subfield>
      <subfield code="a">710 p. : </subfield>
      <subfield code="b">il. ; </subfield>
      <subfield code="a">837 p. : </subfield>
      <subfield code="b">il. ; </subfield>
      <subfield code="a">vi, 169 p. : </subfield>
      <subfield code="b">il. ; </subfield>
      <subfield code="a">x, 303 p. : </subfield>
      <subfield code="b">il. ; </subfield>
      <subfield code="a">il. : </subfield>
      <subfield code="a">xi, 106  p. : </subfield>
      <subfield code="b">il. ; </subfield>
      <subfield code="a">2 v. : </subfield>
      <subfield code="a">xiv, 190 p. : </subfield>
      <subfield code="b">il. ; </subfield>
      <subfield code="a">314 p. : </subfield>
      <subfield code="a">437 p. : </subfield>
      <subfield code="b">il. ; </subfield>
      <subfield code="a">237 p. : </subfield>
      <subfield code="b">il. ; </subfield>
      <subfield code="a">281 p. : </subfield>
      <subfield code="a">xiv, 97  p. : </subfield>
      <subfield code="a">322 p. : </subfield>
      <subfield code="b">il. ; </subfield>
      <subfield code="a">220 p. : </subfield>
      <subfield code="b">il. ; </subfield>
      <subfield code="a">223 p. : </subfield>
      <subfield code="b">il. ; </subfield>
      <subfield code="a">144 p. : </subfield>
      <subfield code="b">il. ; </subfield>
      <subfield code="a">273 p. : </subfield>
      <subfield code="b">il. ; </subfield>
      <subfield code="a">202 p. : </subfield>
      <subfield code="a">x, 109 p. : </subfield>
      <subfield code="a">285 p. : </subfield>
      <subfield code="b">il. ; </subfield>
      <subfield code="a">xv, 221 p. : </subfield>
      <subfield code="b">il. ; </subfield>
      <subfield code="a">333 p. : </subfield>
      <subfield code="a">246 p. : </subfield>
      <subfield code="b">il. ; </subfield>
      <subfield code="a">345 p. : </subfield>
      <subfield code="a">[278] p. : </subfield>
      <subfield code="b">il. ; </subfield>
      <subfield code="a">293 p. : </subfield>
      <subfield code="b">il. ; </subfield>
      <subfield code="a">[277] p. : </subfield>
      <subfield code="b">il. ; </subfield>
      <subfield code="a">196 p. : </subfield>
      <subfield code="b">il. ; </subfield>
      <subfield code="a">199 p. : </subfield>
      <subfield code="a">472 p., 1 h. pleg. : </subfield>
      <subfield code="b">il. ; </subfield>
      <subfield code="a">366 p. : </subfield>
      <subfield code="a">156 p. : </subfield>
      <subfield code="b">il. ; </subfield>
      <subfield code="a">176 p. : </subfield>
      <subfield code="b">il. ; </subfield>
      <subfield code="a">390 p. : </subfield>
      <subfield code="b">il. ; </subfield>
      <subfield code="a">297 p. : </subfield>
      <subfield code="a">248 p. : </subfield>
      <subfield code="a">119 p. : </subfield>
      <subfield code="a">134 p. : </subfield>
      <subfield code="b">il. ; </subfield>
      <subfield code="a">105 p. : </subfield>
      <subfield code="a">95 p. : </subfield>
      <subfield code="a">133 p. : </subfield>
      <subfield code="a">125 p. : </subfield>
      <subfield code="a">277 p. : </subfield>
      <subfield code="b">il. ; </subfield>
      <subfield code="a">288 p. : </subfield>
      <subfield code="a">254 p. : </subfield>
      <subfield code="a">2 v. : </subfield>
      <subfield code="b">il. ; </subfield>
      <subfield code="a">117 p. : </subfield>
      <subfield code="a">234 p. : </subfield>
      <subfield code="a">158 p. : </subfield>
      <subfield code="b">il. ; </subfield>
      <subfield code="a">2 v. : </subfield>
      <subfield code="a">254 p. : </subfield>
      <subfield code="a">158 p. : </subfield>
      <subfield code="a">131 p. : </subfield>
      <subfield code="a">94 p. : </subfield>
      <subfield code="a">160 p. : </subfield>
      <subfield code="a">366 p. : </subfield>
      <subfield code="a">98 p. : </subfield>
      <subfield code="a">118 p. : </subfield>
      <subfield code="a">288 p. : </subfield>
      <subfield code="a">323 p. : </subfield>
      <subfield code="b">il. ; </subfield>
      <subfield code="a">180 p. : </subfield>
      <subfield code="a">247 p. : </subfield>
      <subfield code="e">1 CD-ROM en bolsillo</subfield>
    </datafield>
    <datafield tag="650" ind1=" " ind2=" ">
      <subfield code="a"/>
    </datafield>
    <datafield tag="650" ind1=" " ind2=" ">
      <subfield code="a"> INVESTIGACION CIENTIFICA</subfield>
    </datafield>
    <datafield tag="650" ind1=" " ind2=" ">
      <subfield code="a"> PROGRAMA DE INVESTIGACION</subfield>
    </datafield>
    <datafield tag="650" ind1=" " ind2=" ">
      <subfield code="a"> UNIVERSIDAD DE BUENOS AIRES</subfield>
    </datafield>
    <datafield tag="942" ind1=" " ind2=" ">
      <subfield code="c">BK</subfield>
    </datafield>
    <datafield tag="952" ind1=" " ind2=" ">
      <subfield code="a">BIB_RECT</subfield>
      <subfield code="b">BIB_UASJ</subfield>
      <subfield code="d">2013-07-01</subfield>
      <subfield code="y">BK</subfield>
      <subfield code="p">04-45044</subfield>
      <subfield code="i">04-45044</subfield>
      <subfield code="g">130</subfield>
      <subfield code="o">378.4 U588q</subfield>
      <subfield code="e">Canje SIUNPA</subfield>
      <subfield code="8">CG</subfield>
    </datafield>
    <datafield tag="952" ind1=" " ind2=" ">
      <subfield code="a">BIB_RECT</subfield>
      <subfield code="b">BIB_UARG</subfield>
      <subfield code="d">2013-07-01</subfield>
      <subfield code="y">BK</subfield>
      <subfield code="p">05-16493</subfield>
      <subfield code="i">05-16493</subfield>
      <subfield code="g">130</subfield>
      <subfield code="o">378.4 U588q</subfield>
      <subfield code="e">Migración UARG</subfield>
      <subfield code="8">CG</subfield>
    </datafield>
  </record>