
  <record>
    <leader>01000aam  22002601a 4500</leader>
    <controlfield tag="001">YPZ97859</controlfield>
    <controlfield tag="003">YPZ</controlfield>
    <controlfield tag="005">201307291232270</controlfield>
    <controlfield tag="008">130729|###########||||||b||||||||||spa|d</controlfield>
    <datafield tag="020" ind1=" " ind2=" ">
      <subfield code="a">1931003297</subfield>
    </datafield>
    <datafield tag="040" ind1=" " ind2=" ">
      <subfield code="c">SIUNPA</subfield>
    </datafield>
    <datafield tag="041" ind1=" " ind2=" ">
      <subfield code="a">spa</subfield>
    </datafield>
    <datafield tag="044" ind1=" " ind2=" ">
      <subfield code="a">US</subfield>
    </datafield>
    <datafield tag="080" ind1=" " ind2=" ">
      <subfield code="a">314-053.88 M394m</subfield>
    </datafield>
    <datafield tag="245" ind1=" " ind2=" ">
      <subfield code="a">Más vale por viejo</subfield>
      <subfield code="b"> : lecciones de longevidad de un estudio en el Cono Sur</subfield>
      <subfield code="c"> / Engler, Tomás A., ed. ; Peláez, Martha B., ed.</subfield>
    </datafield>
    <datafield tag="260" ind1=" " ind2=" ">
      <subfield code="a">Washington, D.C.</subfield>
      <subfield code="b"> : Banco Interamericano de Desarrollo</subfield>
      <subfield code="b"> : Organizacion Panamericana de la Salud, OPS</subfield>
      <subfield code="c"> , 2002</subfield>
    </datafield>
    <datafield tag="650" ind1=" " ind2=" ">
      <subfield code="a"/>
    </datafield>
    <datafield tag="650" ind1=" " ind2=" ">
      <subfield code="a"> VEJEZ </subfield>
    </datafield>
    <datafield tag="650" ind1=" " ind2=" ">
      <subfield code="a"> LONGEVIDAD</subfield>
    </datafield>
    <datafield tag="650" ind1=" " ind2=" ">
      <subfield code="a"> TERCERA EDAD </subfield>
    </datafield>
    <datafield tag="650" ind1=" " ind2=" ">
      <subfield code="a"> CONDICIONES SOCIALES</subfield>
    </datafield>
    <datafield tag="650" ind1=" " ind2=" ">
      <subfield code="a"> AMERICA LATINA</subfield>
    </datafield>
    <datafield tag="942" ind1=" " ind2=" ">
      <subfield code="c">BK</subfield>
    </datafield>
    <datafield tag="952" ind1=" " ind2=" ">
      <subfield code="a">BIB_RECT</subfield>
      <subfield code="b">BIB_UARG</subfield>
      <subfield code="d">2013-07-29</subfield>
      <subfield code="y">BK</subfield>
      <subfield code="p">05-44974</subfield>
      <subfield code="i">05-44974</subfield>
      <subfield code="g">85</subfield>
      <subfield code="o">314-053.88 M394m</subfield>
      <subfield code="e">Distribución directa SIUNPA</subfield>
      <subfield code="8">CG</subfield>
    </datafield>
  </record>