
  <record>
    <leader>01000aam  22002601a 4500</leader>
    <controlfield tag="001">YPZ97882</controlfield>
    <controlfield tag="003">YPZ</controlfield>
    <controlfield tag="005">201307311016150</controlfield>
    <controlfield tag="008">130731|###########||||||b||||||||||spa|d</controlfield>
    <datafield tag="040" ind1=" " ind2=" ">
      <subfield code="c">SIUNPA</subfield>
    </datafield>
    <datafield tag="041" ind1=" " ind2=" ">
      <subfield code="a">spa</subfield>
    </datafield>
    <datafield tag="044" ind1=" " ind2=" ">
      <subfield code="a">ES</subfield>
    </datafield>
    <datafield tag="080" ind1=" " ind2=" ">
      <subfield code="a">330.1 S358t</subfield>
    </datafield>
    <datafield tag="100" ind1=" " ind2=" ">
      <subfield code="a">Schneider, Erich.</subfield>
    </datafield>
    <datafield tag="245" ind1=" " ind2=" ">
      <subfield code="a">Teoría económica</subfield>
      <subfield code="c"> / Martín Merino, Luis A., tr.</subfield>
    </datafield>
    <datafield tag="260" ind1=" " ind2=" ">
      <subfield code="a">Madrid</subfield>
      <subfield code="b"> : Aguilar</subfield>
      <subfield code="c"> , 1967</subfield>
    </datafield>
    <datafield tag="500" ind1=" " ind2=" ">
      <subfield code="a">La biblioteca posee: t. iv, v. 1</subfield>
    </datafield>
    <datafield tag="650" ind1=" " ind2=" ">
      <subfield code="a"> TEORIA ECONOMICA</subfield>
    </datafield>
    <datafield tag="650" ind1=" " ind2=" ">
      <subfield code="a"> DOCTRINA ECONOMICA</subfield>
    </datafield>
    <datafield tag="942" ind1=" " ind2=" ">
      <subfield code="c">BK</subfield>
    </datafield>
    <datafield tag="952" ind1=" " ind2=" ">
      <subfield code="a">BIB_RECT</subfield>
      <subfield code="b">BIB_UARG</subfield>
      <subfield code="d">2013-07-31</subfield>
      <subfield code="y">BK</subfield>
      <subfield code="p">05-45029</subfield>
      <subfield code="i">05-45029</subfield>
      <subfield code="g">150</subfield>
      <subfield code="o">330.1 S358t</subfield>
      <subfield code="e">Don. Artesi, Liliana</subfield>
      <subfield code="8">CG</subfield>
    </datafield>
  </record>