
  <record>
    <leader>01000aam  22002601a 4500</leader>
    <controlfield tag="001">YPZ97888</controlfield>
    <controlfield tag="003">YPZ</controlfield>
    <controlfield tag="005">201307311454400</controlfield>
    <controlfield tag="008">130731|###########||||||b||||||||||spa|d</controlfield>
    <datafield tag="020" ind1=" " ind2=" ">
      <subfield code="a">9789872114169</subfield>
    </datafield>
    <datafield tag="040" ind1=" " ind2=" ">
      <subfield code="c">SIUNPA</subfield>
    </datafield>
    <datafield tag="041" ind1=" " ind2=" ">
      <subfield code="a">spa</subfield>
    </datafield>
    <datafield tag="044" ind1=" " ind2=" ">
      <subfield code="a">AR</subfield>
    </datafield>
    <datafield tag="080" ind1=" " ind2=" ">
      <subfield code="a">908(828) V422pat</subfield>
    </datafield>
    <datafield tag="100" ind1=" " ind2=" ">
      <subfield code="a">Vega, Santiago G. de la.</subfield>
    </datafield>
    <datafield tag="245" ind1=" " ind2=" ">
      <subfield code="a">Patagonia</subfield>
      <subfield code="b"> : las leyes entre las costas y el mar</subfield>
      <subfield code="c"> / Carrizo, Gustavo R., il. ; Chiappe, Aldo, il.</subfield>
    </datafield>
    <datafield tag="260" ind1=" " ind2=" ">
      <subfield code="a">Olivos, Buenos Aires</subfield>
      <subfield code="b"> : Contacto Silvestre</subfield>
      <subfield code="c"> , 2010</subfield>
    </datafield>
    <datafield tag="650" ind1=" " ind2=" ">
      <subfield code="a"> FAUNA  INVERTEBRADOS</subfield>
    </datafield>
    <datafield tag="650" ind1=" " ind2=" ">
      <subfield code="a"> CONSERVACION DE LA FAUNA Y FLORA SILVESTRE</subfield>
    </datafield>
    <datafield tag="650" ind1=" " ind2=" ">
      <subfield code="a"> ECOLOGIA ANIMAL </subfield>
    </datafield>
    <datafield tag="650" ind1=" " ind2=" ">
      <subfield code="a"> FLORA</subfield>
    </datafield>
    <datafield tag="650" ind1=" " ind2=" ">
      <subfield code="a"> REGION COSTERA </subfield>
    </datafield>
    <datafield tag="650" ind1=" " ind2=" ">
      <subfield code="a"> MAR ARGENTINO</subfield>
    </datafield>
    <datafield tag="650" ind1=" " ind2=" ">
      <subfield code="a"> REGION PATAGONICA</subfield>
    </datafield>
    <datafield tag="942" ind1=" " ind2=" ">
      <subfield code="c">BK</subfield>
    </datafield>
    <datafield tag="952" ind1=" " ind2=" ">
      <subfield code="a">BIB_RECT</subfield>
      <subfield code="b">BIB_UASJ</subfield>
      <subfield code="d">2013-07-31</subfield>
      <subfield code="y">BK</subfield>
      <subfield code="p">04-45065</subfield>
      <subfield code="i">04-45065</subfield>
      <subfield code="g">102</subfield>
      <subfield code="o">908(828) V422pat</subfield>
      <subfield code="e">Compra SIUNPA</subfield>
      <subfield code="8">CG</subfield>
    </datafield>
    <datafield tag="952" ind1=" " ind2=" ">
      <subfield code="a">BIB_RECT</subfield>
      <subfield code="b">BIB_UASJ</subfield>
      <subfield code="d">2013-07-31</subfield>
      <subfield code="y">BK</subfield>
      <subfield code="p">04-45066</subfield>
      <subfield code="i">04-45066</subfield>
      <subfield code="g">102</subfield>
      <subfield code="o">908(828) V422pat</subfield>
      <subfield code="e">Compra SIUNPA</subfield>
      <subfield code="8">CG</subfield>
    </datafield>
    <datafield tag="952" ind1=" " ind2=" ">
      <subfield code="a">BIB_RECT</subfield>
      <subfield code="b">SAT_PBNA</subfield>
      <subfield code="d">2013-08-12</subfield>
      <subfield code="y">BK</subfield>
      <subfield code="p">11-45221</subfield>
      <subfield code="i">11-45221</subfield>
      <subfield code="g">102</subfield>
      <subfield code="o">908(828) V422pat</subfield>
      <subfield code="e">Compra SIUNPA</subfield>
      <subfield code="8">CG</subfield>
    </datafield>
    <datafield tag="952" ind1=" " ind2=" ">
      <subfield code="a">BIB_RECT</subfield>
      <subfield code="b">SAT_PBNA</subfield>
      <subfield code="d">2013-08-12</subfield>
      <subfield code="y">BK</subfield>
      <subfield code="p">11-45222</subfield>
      <subfield code="i">11-45222</subfield>
      <subfield code="g">102</subfield>
      <subfield code="o">908(828) V422pat</subfield>
      <subfield code="e">Compra SIUNPA</subfield>
      <subfield code="8">CG</subfield>
    </datafield>
  </record>