
  <record>
    <leader>01000aam  22002601a 4500</leader>
    <controlfield tag="001">YPZ97900</controlfield>
    <controlfield tag="003">YPZ</controlfield>
    <controlfield tag="005">201308011645260</controlfield>
    <controlfield tag="008">130801|###########||||||b||||||||||spa|d</controlfield>
    <datafield tag="020" ind1=" " ind2=" ">
      <subfield code="a">9500300591</subfield>
    </datafield>
    <datafield tag="040" ind1=" " ind2=" ">
      <subfield code="c">SIUNPA</subfield>
    </datafield>
    <datafield tag="041" ind1=" " ind2=" ">
      <subfield code="a">spa</subfield>
    </datafield>
    <datafield tag="044" ind1=" " ind2=" ">
      <subfield code="a">AR</subfield>
    </datafield>
    <datafield tag="080" ind1=" " ind2=" ">
      <subfield code="a">821.134.2(861) R621v</subfield>
    </datafield>
    <datafield tag="100" ind1=" " ind2=" ">
      <subfield code="a">Rivera, José Eustasio.</subfield>
    </datafield>
    <datafield tag="245" ind1=" " ind2=" ">
      <subfield code="a">La vorágine</subfield>
      <subfield code="c"> / Rosemberg, Fernando, ed., pról. y notas</subfield>
    </datafield>
    <datafield tag="250" ind1=" " ind2=" ">
      <subfield code="a">19a ed.</subfield>
    </datafield>
    <datafield tag="260" ind1=" " ind2=" ">
      <subfield code="a">Buenos Aires</subfield>
      <subfield code="b"> : Losada</subfield>
      <subfield code="c"> , 1989</subfield>
    </datafield>
    <datafield tag="440" ind1=" " ind2=" ">
      <subfield code="a">Serie ocre</subfield>
      <subfield code="a">Alianza universidad</subfield>
      <subfield code="a">Colección libros de Economía Oikos</subfield>
      <subfield code="a">Biblioteca de ciencias sociales. Sección 1. Economía. Serie de estudios de Economía comparada</subfield>
      <subfield code="a">Biblioteca de ciencias sociales. Sección primera, Economía</subfield>
      <subfield code="a">Serie explorando nuestra naturaleza</subfield>
      <subfield code="a">Biblioteca clásica y contemporánea</subfield>
      <subfield code="v">94</subfield>
    </datafield>
    <datafield tag="490" ind1=" " ind2=" ">
      <subfield code="a">Serie ocre</subfield>
      <subfield code="a">Alianza universidad</subfield>
      <subfield code="a">Colección libros de Economía Oikos</subfield>
      <subfield code="a">Biblioteca de ciencias sociales. Sección 1. Economía. Serie de estudios de Economía comparada</subfield>
      <subfield code="a">Biblioteca de ciencias sociales. Sección primera, Economía</subfield>
      <subfield code="a">Serie explorando nuestra naturaleza</subfield>
      <subfield code="a">Biblioteca clásica y contemporánea</subfield>
      <subfield code="v">94</subfield>
    </datafield>
    <datafield tag="650" ind1=" " ind2=" ">
      <subfield code="a"> LITERATURA COLOMBIANA</subfield>
    </datafield>
    <datafield tag="650" ind1=" " ind2=" ">
      <subfield code="a"> NOVELA</subfield>
    </datafield>
    <datafield tag="942" ind1=" " ind2=" ">
      <subfield code="c">BK</subfield>
    </datafield>
    <datafield tag="952" ind1=" " ind2=" ">
      <subfield code="a">BIB_RECT</subfield>
      <subfield code="b">BIB_UARG</subfield>
      <subfield code="d">2013-08-01</subfield>
      <subfield code="y">BK</subfield>
      <subfield code="p">05-12908</subfield>
      <subfield code="i">05-12908</subfield>
      <subfield code="g">60</subfield>
      <subfield code="o">821.134.2(861) R621v</subfield>
      <subfield code="e">FOMEC 578</subfield>
      <subfield code="8">CG</subfield>
    </datafield>
  </record>