
  <record>
    <leader>01000aam  22002601a 4500</leader>
    <controlfield tag="001">YPZ97927</controlfield>
    <controlfield tag="003">YPZ</controlfield>
    <controlfield tag="005">201308051551130</controlfield>
    <controlfield tag="008">130805|###########||||||b||||||||||spa|d</controlfield>
    <datafield tag="020" ind1=" " ind2=" ">
      <subfield code="a">9783642051579</subfield>
    </datafield>
    <datafield tag="040" ind1=" " ind2=" ">
      <subfield code="c">SIUNPA</subfield>
    </datafield>
    <datafield tag="041" ind1=" " ind2=" ">
      <subfield code="a">eng</subfield>
    </datafield>
    <datafield tag="044" ind1=" " ind2=" ">
      <subfield code="a">DE</subfield>
    </datafield>
    <datafield tag="080" ind1=" " ind2=" ">
      <subfield code="a">519.64 H153g2</subfield>
    </datafield>
    <datafield tag="100" ind1=" " ind2=" ">
      <subfield code="a">Hairer, Ernst.</subfield>
    </datafield>
    <datafield tag="700" ind1=" " ind2=" ">
      <subfield code="a">Lubich, Christian.</subfield>
    </datafield>
    <datafield tag="700" ind1=" " ind2=" ">
      <subfield code="a">Wanner, Gerhard.</subfield>
    </datafield>
    <datafield tag="245" ind1=" " ind2=" ">
      <subfield code="a">Geometric numerical integration</subfield>
      <subfield code="b"> : structure-preserving algorithms for ordinary differential equations</subfield>
    </datafield>
    <datafield tag="250" ind1=" " ind2=" ">
      <subfield code="a">2nd ed.</subfield>
    </datafield>
    <datafield tag="260" ind1=" " ind2=" ">
      <subfield code="a">Heidelberg</subfield>
      <subfield code="b"> : Springer</subfield>
      <subfield code="c"> , 2001</subfield>
    </datafield>
    <datafield tag="440" ind1=" " ind2=" ">
      <subfield code="a">The Agile software development series</subfield>
      <subfield code="a">Ambiente y democracia</subfield>
      <subfield code="a">Títulos especiales / Anaya Multimedia</subfield>
      <subfield code="a">Schaum</subfield>
      <subfield code="a">Colección nuevos enfoques en Ciencia y Tecnología</subfield>
      <subfield code="a">Springer series in computational mathematics</subfield>
      <subfield code="v">31</subfield>
    </datafield>
    <datafield tag="490" ind1=" " ind2=" ">
      <subfield code="a">The Agile software development series</subfield>
      <subfield code="a">Ambiente y democracia</subfield>
      <subfield code="a">Títulos especiales / Anaya Multimedia</subfield>
      <subfield code="a">Schaum</subfield>
      <subfield code="a">Colección nuevos enfoques en Ciencia y Tecnología</subfield>
      <subfield code="a">Springer series in computational mathematics</subfield>
      <subfield code="v">31</subfield>
    </datafield>
    <datafield tag="650" ind1=" " ind2=" ">
      <subfield code="a"> INTEGRACION NUMERICA</subfield>
    </datafield>
    <datafield tag="650" ind1=" " ind2=" ">
      <subfield code="a"> MATEMATICA COMPUTACIONAL</subfield>
    </datafield>
    <datafield tag="942" ind1=" " ind2=" ">
      <subfield code="c">BK</subfield>
    </datafield>
    <datafield tag="952" ind1=" " ind2=" ">
      <subfield code="a">BIB_RECT</subfield>
      <subfield code="b">BIB_UACO</subfield>
      <subfield code="d">2013-08-05</subfield>
      <subfield code="y">BK</subfield>
      <subfield code="p">02-45101</subfield>
      <subfield code="i">02-45101</subfield>
      <subfield code="g">876</subfield>
      <subfield code="o">519.64 H153g2</subfield>
      <subfield code="e">Compra SIUNPA</subfield>
      <subfield code="8">CG</subfield>
    </datafield>
  </record>