
  <record>
    <leader>01000aam  22002601a 4500</leader>
    <controlfield tag="001">YPZ97939</controlfield>
    <controlfield tag="003">YPZ</controlfield>
    <controlfield tag="005">201308061626460</controlfield>
    <controlfield tag="008">130806|###########||||||b||||||||||spa|d</controlfield>
    <datafield tag="020" ind1=" " ind2=" ">
      <subfield code="a">9786074816099</subfield>
    </datafield>
    <datafield tag="040" ind1=" " ind2=" ">
      <subfield code="c">SIUNPA</subfield>
    </datafield>
    <datafield tag="041" ind1=" " ind2=" ">
      <subfield code="a">spa</subfield>
    </datafield>
    <datafield tag="044" ind1=" " ind2=" ">
      <subfield code="a">MX</subfield>
    </datafield>
    <datafield tag="080" ind1=" " ind2=" ">
      <subfield code="a">536.7 R161i3</subfield>
    </datafield>
    <datafield tag="100" ind1=" " ind2=" ">
      <subfield code="a">Rajput, R.K..</subfield>
    </datafield>
    <datafield tag="245" ind1=" " ind2=" ">
      <subfield code="a">Ingeniería termodinámica</subfield>
      <subfield code="b"> : 3a. edición (versión unidades SI)</subfield>
      <subfield code="c"> / Cárdenas, Javier León, tr. ; Muñoz Díaz, Enrique, rev. técnica</subfield>
    </datafield>
    <datafield tag="250" ind1=" " ind2=" ">
      <subfield code="a">1a ed.</subfield>
    </datafield>
    <datafield tag="260" ind1=" " ind2=" ">
      <subfield code="a">México, D.F.</subfield>
      <subfield code="b"> : Cengage Learning</subfield>
      <subfield code="c"> , 2011</subfield>
    </datafield>
    <datafield tag="300" ind1=" " ind2=" ">
      <subfield code="a">882 p. : </subfield>
      <subfield code="b">il. ; </subfield>
      <subfield code="a">312 p. : </subfield>
      <subfield code="a">103 p. : </subfield>
      <subfield code="a">119 p. : </subfield>
      <subfield code="a">421 p. : </subfield>
      <subfield code="a">129 p. : </subfield>
      <subfield code="b">il. ; </subfield>
      <subfield code="a">vii, 325 p. : </subfield>
      <subfield code="b">il. ; </subfield>
      <subfield code="a">xxii, 237 p. : </subfield>
      <subfield code="b">il. ; </subfield>
      <subfield code="a">xiii, 207 p. : </subfield>
      <subfield code="b">il. ; </subfield>
      <subfield code="a">259 p. : </subfield>
      <subfield code="b">il. ; </subfield>
      <subfield code="a">xii, 206 p. : </subfield>
      <subfield code="b">il. ; </subfield>
      <subfield code="a">xxxiv, 467 p. : </subfield>
      <subfield code="b">il. ; </subfield>
      <subfield code="a">xiv, 686 p. : </subfield>
      <subfield code="b">il. ; </subfield>
      <subfield code="a">339 p. : </subfield>
      <subfield code="b">il. ; </subfield>
      <subfield code="a">123 p : </subfield>
      <subfield code="b">il. ; </subfield>
      <subfield code="a">xviii, 435 p. : </subfield>
      <subfield code="b">il. ; </subfield>
      <subfield code="a">139 p. : </subfield>
      <subfield code="a">xvii, 793 p. : </subfield>
      <subfield code="b">il. ; </subfield>
      <subfield code="a">332 p. : </subfield>
      <subfield code="a">xvii, 653 p. : </subfield>
      <subfield code="b">il. ; </subfield>
      <subfield code="a">414 p. : </subfield>
      <subfield code="b">il. ; </subfield>
      <subfield code="a">xv, 591 [12] p. : </subfield>
      <subfield code="b">il. ; </subfield>
      <subfield code="a">xiv, 737 p. : </subfield>
      <subfield code="b">il. ; </subfield>
      <subfield code="a">xiv, 406 p. : </subfield>
      <subfield code="b">il. ; </subfield>
      <subfield code="a">456 p. : </subfield>
      <subfield code="b">il. ; </subfield>
      <subfield code="a">213 p. : </subfield>
      <subfield code="b">il. ; </subfield>
      <subfield code="a">xvii, 644 p. : </subfield>
      <subfield code="b">il. ; </subfield>
      <subfield code="a">xxiii, 462 p. : </subfield>
      <subfield code="b">il. ; </subfield>
      <subfield code="a">287 p. : </subfield>
      <subfield code="b">il. ; </subfield>
      <subfield code="a">x, 330 p. : </subfield>
      <subfield code="b">il. ; </subfield>
      <subfield code="a">xix, 423 p. : </subfield>
      <subfield code="b">il. ; </subfield>
      <subfield code="a">158 p. : </subfield>
      <subfield code="b">il. ; </subfield>
      <subfield code="a">157 p. : </subfield>
      <subfield code="b">il. ; </subfield>
      <subfield code="a">127 p. : </subfield>
      <subfield code="b">il. ; </subfield>
      <subfield code="a">138 p. : </subfield>
      <subfield code="a">247 p. : </subfield>
      <subfield code="a">394 p. : </subfield>
      <subfield code="a">xxiii, 622 p. : </subfield>
      <subfield code="b">il. ; </subfield>
      <subfield code="a">xviii, 955 p. : </subfield>
      <subfield code="b">il. ; </subfield>
      <subfield code="e">1 CD-ROM en bolsillo</subfield>
    </datafield>
    <datafield tag="650" ind1=" " ind2=" ">
      <subfield code="a"> TERMODINAMICA</subfield>
    </datafield>
    <datafield tag="942" ind1=" " ind2=" ">
      <subfield code="c">BK</subfield>
    </datafield>
    <datafield tag="952" ind1=" " ind2=" ">
      <subfield code="a">BIB_RECT</subfield>
      <subfield code="b">BIB_UACO</subfield>
      <subfield code="d">2013-08-06</subfield>
      <subfield code="y">BK</subfield>
      <subfield code="p">02-45147</subfield>
      <subfield code="i">02-45147</subfield>
      <subfield code="g">242</subfield>
      <subfield code="o">536.7 R161i3</subfield>
      <subfield code="e">Compra SIUNPA</subfield>
      <subfield code="8">CG</subfield>
    </datafield>
    <datafield tag="952" ind1=" " ind2=" ">
      <subfield code="a">BIB_RECT</subfield>
      <subfield code="b">BIB_UACO</subfield>
      <subfield code="d">2013-08-06</subfield>
      <subfield code="y">BK</subfield>
      <subfield code="p">02-45148</subfield>
      <subfield code="i">02-45148</subfield>
      <subfield code="g">242</subfield>
      <subfield code="o">536.7 R161i3</subfield>
      <subfield code="e">Compra SIUNPA</subfield>
      <subfield code="8">CG</subfield>
    </datafield>
  </record>