
  <record>
    <leader>01000aam  22002601a 4500</leader>
    <controlfield tag="001">YPZ97948</controlfield>
    <controlfield tag="003">YPZ</controlfield>
    <controlfield tag="005">201308071553320</controlfield>
    <controlfield tag="008">130807|###########||||||b||||||||||spa|d</controlfield>
    <datafield tag="020" ind1=" " ind2=" ">
      <subfield code="a">9789871220014</subfield>
    </datafield>
    <datafield tag="040" ind1=" " ind2=" ">
      <subfield code="c">SIUNPA</subfield>
    </datafield>
    <datafield tag="041" ind1=" " ind2=" ">
      <subfield code="a">spa</subfield>
    </datafield>
    <datafield tag="044" ind1=" " ind2=" ">
      <subfield code="a">AR</subfield>
    </datafield>
    <datafield tag="080" ind1=" " ind2=" ">
      <subfield code="a">94(47) F559r</subfield>
    </datafield>
    <datafield tag="100" ind1=" " ind2=" ">
      <subfield code="a">Fitzpatrick, Sheila.</subfield>
    </datafield>
    <datafield tag="245" ind1=" " ind2=" ">
      <subfield code="a">La revolución rusa</subfield>
      <subfield code="c"> / Pico Estrada, Agustín, tr.</subfield>
    </datafield>
    <datafield tag="250" ind1=" " ind2=" ">
      <subfield code="a">1a ed., 2a reimpr.</subfield>
    </datafield>
    <datafield tag="260" ind1=" " ind2=" ">
      <subfield code="a">Buenos Aires</subfield>
      <subfield code="b"> : Siglo Veintiuno</subfield>
      <subfield code="c"> , 2005</subfield>
    </datafield>
    <datafield tag="440" ind1=" " ind2=" ">
      <subfield code="a">Tecnología multimedia</subfield>
      <subfield code="a">The natural and built environment series</subfield>
      <subfield code="a">Gestión del conocimiento</subfield>
      <subfield code="a">Narrativa empresarial</subfield>
      <subfield code="a">Empresa activa</subfield>
      <subfield code="a">Temas de la Argentina</subfield>
      <subfield code="a">Nueva ciencia</subfield>
      <subfield code="a">Colección Psicología contemporánea</subfield>
      <subfield code="a">Memoria crítica</subfield>
      <subfield code="a">Sociología y Política. Serie Educación y sociedad</subfield>
      <subfield code="a">Historia y cultura</subfield>
      <subfield code="v">12</subfield>
    </datafield>
    <datafield tag="490" ind1=" " ind2=" ">
      <subfield code="a">Tecnología multimedia</subfield>
      <subfield code="a">The natural and built environment series</subfield>
      <subfield code="a">Gestión del conocimiento</subfield>
      <subfield code="a">Narrativa empresarial</subfield>
      <subfield code="a">Empresa activa</subfield>
      <subfield code="a">Temas de la Argentina</subfield>
      <subfield code="a">Nueva ciencia</subfield>
      <subfield code="a">Colección Psicología contemporánea</subfield>
      <subfield code="a">Memoria crítica</subfield>
      <subfield code="a">Sociología y Política. Serie Educación y sociedad</subfield>
      <subfield code="a">Historia y cultura</subfield>
      <subfield code="v">12</subfield>
    </datafield>
    <datafield tag="650" ind1=" " ind2=" ">
      <subfield code="a"> HISTORIA DE LA UNION SOVIETICA</subfield>
    </datafield>
    <datafield tag="650" ind1=" " ind2=" ">
      <subfield code="a"> REVOLUCION RUSA</subfield>
    </datafield>
    <datafield tag="650" ind1=" " ind2=" ">
      <subfield code="a"> HISTORIA DE RUSIA</subfield>
    </datafield>
    <datafield tag="650" ind1=" " ind2=" ">
      <subfield code="a"> SIGLO XX</subfield>
    </datafield>
    <datafield tag="942" ind1=" " ind2=" ">
      <subfield code="c">BK</subfield>
    </datafield>
    <datafield tag="952" ind1=" " ind2=" ">
      <subfield code="a">BIB_RECT</subfield>
      <subfield code="b">BIB_UARG</subfield>
      <subfield code="d">2013-08-07</subfield>
      <subfield code="y">BK</subfield>
      <subfield code="p">05-45182</subfield>
      <subfield code="i">05-45182</subfield>
      <subfield code="g">88</subfield>
      <subfield code="o">94(47) F559r</subfield>
      <subfield code="e">Compra SIUNPA</subfield>
      <subfield code="8">CG</subfield>
    </datafield>
  </record>