
  <record>
    <leader>01000aam  22002601a 4500</leader>
    <controlfield tag="001">YPZ97982</controlfield>
    <controlfield tag="003">YPZ</controlfield>
    <controlfield tag="005">201308131543410</controlfield>
    <controlfield tag="008">130813|###########||||||b||||||||||spa|d</controlfield>
    <datafield tag="020" ind1=" " ind2=" ">
      <subfield code="a">9789876290463</subfield>
    </datafield>
    <datafield tag="040" ind1=" " ind2=" ">
      <subfield code="c">SIUNPA</subfield>
    </datafield>
    <datafield tag="041" ind1=" " ind2=" ">
      <subfield code="a">spa</subfield>
    </datafield>
    <datafield tag="044" ind1=" " ind2=" ">
      <subfield code="a">AR</subfield>
    </datafield>
    <datafield tag="080" ind1=" " ind2=" ">
      <subfield code="a">316.7 F919b</subfield>
    </datafield>
    <datafield tag="100" ind1=" " ind2=" ">
      <subfield code="a">Fritzsche, Peter.</subfield>
    </datafield>
    <datafield tag="245" ind1=" " ind2=" ">
      <subfield code="a">Berlín 1900</subfield>
      <subfield code="b"> : prensa, lectores y vida moderna</subfield>
      <subfield code="c"> / Jawerbaum, Silvia, tr. ; Barba, Julieta, tr.</subfield>
    </datafield>
    <datafield tag="260" ind1=" " ind2=" ">
      <subfield code="a">Buenos Aires</subfield>
      <subfield code="b"> : Siglo Veintiuno</subfield>
      <subfield code="c"> , 2008</subfield>
    </datafield>
    <datafield tag="440" ind1=" " ind2=" ">
      <subfield code="a">Colección campus virtual</subfield>
      <subfield code="a">Serie culturas / Gedisa</subfield>
      <subfield code="a">Metamorfosis</subfield>
      <subfield code="a">Lengua y discurso</subfield>
      <subfield code="a">Manuales Users</subfield>
      <subfield code="a">Manuales Users</subfield>
      <subfield code="a">Colección Ciencia, tecnología y sociedad</subfield>
      <subfield code="a">Historia y cultura</subfield>
      <subfield code="v">34</subfield>
    </datafield>
    <datafield tag="490" ind1=" " ind2=" ">
      <subfield code="a">Colección campus virtual</subfield>
      <subfield code="a">Serie culturas / Gedisa</subfield>
      <subfield code="a">Metamorfosis</subfield>
      <subfield code="a">Lengua y discurso</subfield>
      <subfield code="a">Manuales Users</subfield>
      <subfield code="a">Manuales Users</subfield>
      <subfield code="a">Colección Ciencia, tecnología y sociedad</subfield>
      <subfield code="a">Historia y cultura</subfield>
      <subfield code="v">34</subfield>
    </datafield>
    <datafield tag="650" ind1=" " ind2=" ">
      <subfield code="a"> SOCIOLOGIA CULTURAL</subfield>
    </datafield>
    <datafield tag="650" ind1=" " ind2=" ">
      <subfield code="a"> CIUDADES </subfield>
    </datafield>
    <datafield tag="650" ind1=" " ind2=" ">
      <subfield code="a"> BERLIN (ALEMANIA)</subfield>
    </datafield>
    <datafield tag="650" ind1=" " ind2=" ">
      <subfield code="a"> HISTORIA DE ALEMANIA </subfield>
    </datafield>
    <datafield tag="650" ind1=" " ind2=" ">
      <subfield code="a"> SIGLO XX</subfield>
    </datafield>
    <datafield tag="942" ind1=" " ind2=" ">
      <subfield code="c">BK</subfield>
    </datafield>
    <datafield tag="952" ind1=" " ind2=" ">
      <subfield code="a">BIB_RECT</subfield>
      <subfield code="b">BIB_UARG</subfield>
      <subfield code="d">2013-08-08</subfield>
      <subfield code="y">BK</subfield>
      <subfield code="p">05-45200</subfield>
      <subfield code="i">05-45200</subfield>
      <subfield code="g">96</subfield>
      <subfield code="o">316.7 F919b</subfield>
      <subfield code="e">Compra SIUNPA</subfield>
      <subfield code="8">CG</subfield>
    </datafield>
  </record>