
  <record>
    <leader>01000aam  22002601a 4500</leader>
    <controlfield tag="001">YPZ97985</controlfield>
    <controlfield tag="003">YPZ</controlfield>
    <controlfield tag="005">201308131650030</controlfield>
    <controlfield tag="008">130813|###########||||||b||||||||||spa|d</controlfield>
    <datafield tag="020" ind1=" " ind2=" ">
      <subfield code="a">9789875805156</subfield>
    </datafield>
    <datafield tag="040" ind1=" " ind2=" ">
      <subfield code="c">SIUNPA</subfield>
    </datafield>
    <datafield tag="041" ind1=" " ind2=" ">
      <subfield code="a">spa</subfield>
    </datafield>
    <datafield tag="044" ind1=" " ind2=" ">
      <subfield code="a">AR</subfield>
    </datafield>
    <datafield tag="080" ind1=" " ind2=" ">
      <subfield code="a">65.01 S157n</subfield>
    </datafield>
    <datafield tag="100" ind1=" " ind2=" ">
      <subfield code="a">Sainz, Alfredo.</subfield>
    </datafield>
    <datafield tag="245" ind1=" " ind2=" ">
      <subfield code="a">Negocios exitosos argentinos</subfield>
    </datafield>
    <datafield tag="250" ind1=" " ind2=" ">
      <subfield code="a">1a ed.</subfield>
    </datafield>
    <datafield tag="260" ind1=" " ind2=" ">
      <subfield code="a">Buenos Aires</subfield>
      <subfield code="b"> : Booket</subfield>
      <subfield code="c"> , 2012</subfield>
    </datafield>
    <datafield tag="500" ind1=" " ind2=" ">
      <subfield code="a">Subt. en portada: diez casos emblemáticos en la base de la pirámide social: Coto, Helados Pirulo, Marolio, La Salada, FIE Gran Poder, Calipso, Dr. Ahorro y más</subfield>
    </datafield>
    <datafield tag="650" ind1=" " ind2=" ">
      <subfield code="a"> EMPRESAS</subfield>
    </datafield>
    <datafield tag="650" ind1=" " ind2=" ">
      <subfield code="a"> POLITICA EMPRESARIAL</subfield>
    </datafield>
    <datafield tag="650" ind1=" " ind2=" ">
      <subfield code="a"> GESTION EMPRESARIAL</subfield>
    </datafield>
    <datafield tag="650" ind1=" " ind2=" ">
      <subfield code="a"> MARKETING</subfield>
    </datafield>
    <datafield tag="650" ind1=" " ind2=" ">
      <subfield code="a"> ARGENTINA</subfield>
    </datafield>
    <datafield tag="942" ind1=" " ind2=" ">
      <subfield code="c">BK</subfield>
    </datafield>
    <datafield tag="952" ind1=" " ind2=" ">
      <subfield code="a">BIB_RECT</subfield>
      <subfield code="b">BIB_UARG</subfield>
      <subfield code="d">2013-08-08</subfield>
      <subfield code="y">BK</subfield>
      <subfield code="p">05-45197</subfield>
      <subfield code="i">05-45197</subfield>
      <subfield code="g">32</subfield>
      <subfield code="o">65.01 S157n</subfield>
      <subfield code="e">Compra SIUNPA</subfield>
      <subfield code="8">CG</subfield>
    </datafield>
  </record>