
  <record>
    <leader>01000aam  22002601a 4500</leader>
    <controlfield tag="001">YPZ98006</controlfield>
    <controlfield tag="003">YPZ</controlfield>
    <controlfield tag="005">201308160849110</controlfield>
    <controlfield tag="008">130816|###########||||||b||||||||||spa|d</controlfield>
    <datafield tag="020" ind1=" " ind2=" ">
      <subfield code="a">9789870527381</subfield>
    </datafield>
    <datafield tag="040" ind1=" " ind2=" ">
      <subfield code="c">SIUNPA</subfield>
    </datafield>
    <datafield tag="041" ind1=" " ind2=" ">
      <subfield code="a">spa</subfield>
    </datafield>
    <datafield tag="044" ind1=" " ind2=" ">
      <subfield code="a">AR</subfield>
    </datafield>
    <datafield tag="080" ind1=" " ind2=" ">
      <subfield code="a">556 F254d</subfield>
    </datafield>
    <datafield tag="100" ind1=" " ind2=" ">
      <subfield code="a">Fattorelli, Sergio.</subfield>
    </datafield>
    <datafield tag="700" ind1=" " ind2=" ">
      <subfield code="a">Fernández, Pedro C..</subfield>
    </datafield>
    <datafield tag="245" ind1=" " ind2=" ">
      <subfield code="a">Diseño hidrológico</subfield>
    </datafield>
    <datafield tag="250" ind1=" " ind2=" ">
      <subfield code="a">1a ed. en español</subfield>
    </datafield>
    <datafield tag="260" ind1=" " ind2=" ">
      <subfield code="a">Mendoza</subfield>
      <subfield code="b"> : Zeta</subfield>
      <subfield code="c"> , 2007</subfield>
    </datafield>
    <datafield tag="300" ind1=" " ind2=" ">
      <subfield code="a">379 p. : </subfield>
      <subfield code="b">il. ; </subfield>
      <subfield code="a">xxii, 553 p. : </subfield>
      <subfield code="b">il. ; </subfield>
      <subfield code="a">258 p. : </subfield>
      <subfield code="a">286 p. : </subfield>
      <subfield code="a">xii, 289 p. : </subfield>
      <subfield code="b">il. ; </subfield>
      <subfield code="a">237 p. : </subfield>
      <subfield code="a">265 p. : </subfield>
      <subfield code="b">il. ; </subfield>
      <subfield code="a">414 p. : </subfield>
      <subfield code="a">156 p. : </subfield>
      <subfield code="b">il. ; </subfield>
      <subfield code="a">443 p. : </subfield>
      <subfield code="a">229 p. : </subfield>
      <subfield code="a">356 p. : </subfield>
      <subfield code="b">cuadros ; </subfield>
      <subfield code="a">xxi, 179 p. : </subfield>
      <subfield code="a">438 p. : </subfield>
      <subfield code="a">v, 606 p. : </subfield>
      <subfield code="a">159 p. : </subfield>
      <subfield code="b">il. ; </subfield>
      <subfield code="a">250 p. : </subfield>
      <subfield code="b">il. ; </subfield>
      <subfield code="a">207 p. : </subfield>
      <subfield code="a">183 p. : </subfield>
      <subfield code="b">il. ; </subfield>
      <subfield code="a">440 p. : </subfield>
      <subfield code="a">349 p. : </subfield>
      <subfield code="b">cuadros ; </subfield>
      <subfield code="a">220 p. : </subfield>
      <subfield code="b">il. ; </subfield>
      <subfield code="a">251 p. : </subfield>
      <subfield code="a">449 p. : </subfield>
      <subfield code="a">111 p. : </subfield>
      <subfield code="a">634 p. : </subfield>
      <subfield code="a">335 p. : </subfield>
      <subfield code="b">cuadros ; </subfield>
      <subfield code="a">459 p. : </subfield>
      <subfield code="a">181 p. : </subfield>
      <subfield code="a">152 p. : </subfield>
      <subfield code="b">il. ; </subfield>
      <subfield code="a">310 p. : </subfield>
      <subfield code="b">il. ; </subfield>
      <subfield code="a">186 p. : </subfield>
      <subfield code="b">il. ; </subfield>
      <subfield code="a">xxvi, 797 p. : </subfield>
      <subfield code="b">il. ; </subfield>
      <subfield code="a">xxi, 692 p. : </subfield>
      <subfield code="b">il. ; </subfield>
      <subfield code="a">xxiv, 430 p. : </subfield>
      <subfield code="b">il. ; </subfield>
      <subfield code="a">2 v. : </subfield>
      <subfield code="b">il. ; </subfield>
      <subfield code="a">2 v. : </subfield>
      <subfield code="a">238 p. : </subfield>
      <subfield code="a">387 p. : </subfield>
      <subfield code="b">il. ; </subfield>
      <subfield code="a">286 p. : </subfield>
      <subfield code="b">il. ; </subfield>
      <subfield code="a">257 p. : </subfield>
      <subfield code="b">il. ; </subfield>
      <subfield code="a">335 p. : </subfield>
      <subfield code="a">237 p. : </subfield>
      <subfield code="b">cuadros, gráf. ; </subfield>
      <subfield code="a">xiii, 267 p. : </subfield>
      <subfield code="b">il. ; </subfield>
      <subfield code="a">xxiv, 560 p. : </subfield>
      <subfield code="b">il. ; </subfield>
      <subfield code="a">xxvi, 566 p. : </subfield>
      <subfield code="b">il. ; </subfield>
      <subfield code="a">xxiii, 828 p. : </subfield>
      <subfield code="b">il. ; </subfield>
      <subfield code="a">xii, 238 p. : </subfield>
      <subfield code="a">xxvi, 627 p. : </subfield>
      <subfield code="b">il. ; </subfield>
      <subfield code="a">415 p. : </subfield>
      <subfield code="b">il. ; </subfield>
      <subfield code="a">xvi, 668 p. : </subfield>
      <subfield code="b">il. ; </subfield>
      <subfield code="a">xiii, 344 p. : </subfield>
      <subfield code="b">il. ; </subfield>
      <subfield code="a">xxii, 441 p. : </subfield>
      <subfield code="b">il. ; </subfield>
      <subfield code="a">xvi, 440 p. : </subfield>
      <subfield code="b">il. ; </subfield>
      <subfield code="a">160, [24] p. : </subfield>
      <subfield code="b">il. ; </subfield>
      <subfield code="a">213 p. : </subfield>
      <subfield code="b">il. ; </subfield>
      <subfield code="a">365 p. : </subfield>
      <subfield code="b">il. ; </subfield>
      <subfield code="a">xx, 578 p. : </subfield>
      <subfield code="b">il. ; </subfield>
      <subfield code="a">xxv, 654 p. : </subfield>
      <subfield code="b">il. ; </subfield>
      <subfield code="a">xviii, 989 p. : </subfield>
      <subfield code="b">il. ; </subfield>
      <subfield code="a">263 p. : </subfield>
      <subfield code="b">il. ; </subfield>
      <subfield code="a">xxi, 696 p. : </subfield>
      <subfield code="b">il. ; </subfield>
      <subfield code="a">xix, 348 p. : </subfield>
      <subfield code="b">il. ; </subfield>
      <subfield code="a">[626] p. en varias paginaciones : </subfield>
      <subfield code="b">il. ; </subfield>
      <subfield code="e">1 CD-ROM en bolsillo</subfield>
    </datafield>
    <datafield tag="500" ind1=" " ind2=" ">
      <subfield code="a">Contenido del CD-ROM: contiene los modelos más difundidos y sus aplicaciones en proyectos realescon: datos de entrada, análisis de resultados y valores de los parámetros usados, de modo de introducir y facilitar al lector el uso de cada modelo</subfield>
    </datafield>
    <datafield tag="650" ind1=" " ind2=" ">
      <subfield code="a"> HIDROLOGIA</subfield>
    </datafield>
    <datafield tag="650" ind1=" " ind2=" ">
      <subfield code="a"> DISEÑO HIDROLOGICO</subfield>
    </datafield>
    <datafield tag="650" ind1=" " ind2=" ">
      <subfield code="a"> AGUA</subfield>
    </datafield>
    <datafield tag="942" ind1=" " ind2=" ">
      <subfield code="c">BK</subfield>
    </datafield>
    <datafield tag="952" ind1=" " ind2=" ">
      <subfield code="a">BIB_RECT</subfield>
      <subfield code="b">BIB_UARG</subfield>
      <subfield code="d">2013-08-14</subfield>
      <subfield code="y">BK</subfield>
      <subfield code="p">05-45251</subfield>
      <subfield code="i">05-45251</subfield>
      <subfield code="g">432</subfield>
      <subfield code="o">556 F254d</subfield>
      <subfield code="e">Compra SIUNPA</subfield>
      <subfield code="8">CG</subfield>
    </datafield>
  </record>