
  <record>
    <leader>01000aam  22002601a 4500</leader>
    <controlfield tag="001">YPZ98010</controlfield>
    <controlfield tag="003">YPZ</controlfield>
    <controlfield tag="005">201308161630570</controlfield>
    <controlfield tag="008">130816|###########||||||b||||||||||spa|d</controlfield>
    <datafield tag="020" ind1=" " ind2=" ">
      <subfield code="a">9687529083</subfield>
    </datafield>
    <datafield tag="040" ind1=" " ind2=" ">
      <subfield code="c">SIUNPA</subfield>
    </datafield>
    <datafield tag="041" ind1=" " ind2=" ">
      <subfield code="a">spa</subfield>
    </datafield>
    <datafield tag="044" ind1=" " ind2=" ">
      <subfield code="a">MX</subfield>
    </datafield>
    <datafield tag="080" ind1=" " ind2=" ">
      <subfield code="a">514.11 S797t8</subfield>
    </datafield>
    <datafield tag="100" ind1=" " ind2=" ">
      <subfield code="a">Swokowski, Earl W..</subfield>
    </datafield>
    <datafield tag="700" ind1=" " ind2=" ">
      <subfield code="a">Cole, Jeffery A..</subfield>
    </datafield>
    <datafield tag="245" ind1=" " ind2=" ">
      <subfield code="a">Trigonometría</subfield>
      <subfield code="b"> : 8ª edición</subfield>
      <subfield code="c"> / Romo Muñoz, Jorge Humberto, tr. ; Garza Joa, Víctor, rev. técnica ; Garza Rubalcava, Adolfo, rev. técnica</subfield>
    </datafield>
    <datafield tag="260" ind1=" " ind2=" ">
      <subfield code="a">México, D.F.</subfield>
      <subfield code="b"> : International Thomson Ed.</subfield>
      <subfield code="c"> , 1997</subfield>
    </datafield>
    <datafield tag="650" ind1=" " ind2=" ">
      <subfield code="a"> TRIGONOMETRIA</subfield>
    </datafield>
    <datafield tag="942" ind1=" " ind2=" ">
      <subfield code="c">BK</subfield>
    </datafield>
    <datafield tag="952" ind1=" " ind2=" ">
      <subfield code="a">BIB_RECT</subfield>
      <subfield code="b">BIB_UACO</subfield>
      <subfield code="d">2013-08-16</subfield>
      <subfield code="y">BK</subfield>
      <subfield code="p">02-06709</subfield>
      <subfield code="i">02-06709</subfield>
      <subfield code="g">100</subfield>
      <subfield code="o">514.11 S797t8</subfield>
      <subfield code="e">FOMEC/97</subfield>
      <subfield code="8">CG</subfield>
    </datafield>
  </record>