
  <record>
    <leader>01000aam  22002601a 4500</leader>
    <controlfield tag="001">YPZ98019</controlfield>
    <controlfield tag="003">YPZ</controlfield>
    <controlfield tag="005">201308201655060</controlfield>
    <controlfield tag="008">130820|###########||||||b||||||||||spa|d</controlfield>
    <datafield tag="040" ind1=" " ind2=" ">
      <subfield code="c">SIUNPA</subfield>
    </datafield>
    <datafield tag="041" ind1=" " ind2=" ">
      <subfield code="a">spa</subfield>
      <subfield code="a">fre</subfield>
      <subfield code="a">ger</subfield>
      <subfield code="a">rus</subfield>
    </datafield>
    <datafield tag="044" ind1=" " ind2=" ">
      <subfield code="a">AR</subfield>
    </datafield>
    <datafield tag="080" ind1=" " ind2=" ">
      <subfield code="a">R622(038) N944i</subfield>
    </datafield>
    <datafield tag="100" ind1=" " ind2=" ">
      <subfield code="a">Novitzky, Alejandro.</subfield>
    </datafield>
    <datafield tag="245" ind1=" " ind2=" ">
      <subfield code="a">Índice alfabético para el diccionario minero</subfield>
      <subfield code="b"> : español, francés, alemán y ruso</subfield>
    </datafield>
    <datafield tag="260" ind1=" " ind2=" ">
      <subfield code="a">Buenos Aires</subfield>
      <subfield code="b"> : A. Novitzky, ed.</subfield>
      <subfield code="c"> , 1958</subfield>
    </datafield>
    <datafield tag="650" ind1=" " ind2=" ">
      <subfield code="a"> MINERIA  INDICE</subfield>
    </datafield>
    <datafield tag="650" ind1=" " ind2=" ">
      <subfield code="a"> DICCIONARIO</subfield>
    </datafield>
    <datafield tag="942" ind1=" " ind2=" ">
      <subfield code="c">BK</subfield>
    </datafield>
    <datafield tag="952" ind1=" " ind2=" ">
      <subfield code="a">BIB_RECT</subfield>
      <subfield code="b">BIB_UARG</subfield>
      <subfield code="d">2013-08-16</subfield>
      <subfield code="y">BK</subfield>
      <subfield code="p">05-05106</subfield>
      <subfield code="i">05-05106</subfield>
      <subfield code="g">120</subfield>
      <subfield code="o">R622(038) N944i</subfield>
      <subfield code="e">Don. Fuentes Benítez, Cloe</subfield>
      <subfield code="8">CR</subfield>
    </datafield>
  </record>