
  <record>
    <leader>01000aam  22002601a 4500</leader>
    <controlfield tag="001">YPZ98022</controlfield>
    <controlfield tag="003">YPZ</controlfield>
    <controlfield tag="005">201308211812520</controlfield>
    <controlfield tag="008">130821|###########||||||b||||||||||spa|d</controlfield>
    <datafield tag="020" ind1=" " ind2=" ">
      <subfield code="a">9788498792584</subfield>
    </datafield>
    <datafield tag="040" ind1=" " ind2=" ">
      <subfield code="c">SIUNPA</subfield>
    </datafield>
    <datafield tag="041" ind1=" " ind2=" ">
      <subfield code="a">spa</subfield>
    </datafield>
    <datafield tag="044" ind1=" " ind2=" ">
      <subfield code="a">ES</subfield>
    </datafield>
    <datafield tag="080" ind1=" " ind2=" ">
      <subfield code="a">001.89 C569c</subfield>
    </datafield>
    <datafield tag="245" ind1=" " ind2=" ">
      <subfield code="a">Ciencia, tecnología y sociedad</subfield>
      <subfield code="c"> / Aibar, Eduardo, ed. ; Quintanilla, Miguel Ángel, ed.</subfield>
    </datafield>
    <datafield tag="260" ind1=" " ind2=" ">
      <subfield code="a">Madrid</subfield>
      <subfield code="b"> : Trotta</subfield>
      <subfield code="b"> : Consejo Superior de Investigaciones Científicas, CSIC</subfield>
      <subfield code="c"> , 2012</subfield>
    </datafield>
    <datafield tag="440" ind1=" " ind2=" ">
      <subfield code="a">Colección humanidades</subfield>
      <subfield code="a">Ecological methods and concepts series</subfield>
      <subfield code="a">Serie gerontología social</subfield>
      <subfield code="a">Colección Economía y empresa</subfield>
      <subfield code="a">Prentice Hall International series in the Physical and Chemical Engineering Sciences</subfield>
      <subfield code="a">Biblioteca mosaico</subfield>
      <subfield code="a">Matemáticas / Thomson</subfield>
      <subfield code="a">Matemáticas al alcance de todos</subfield>
      <subfield code="a">Enciclopedia iberoamericana de Filosofía</subfield>
      <subfield code="v">32</subfield>
    </datafield>
    <datafield tag="490" ind1=" " ind2=" ">
      <subfield code="a">Colección humanidades</subfield>
      <subfield code="a">Ecological methods and concepts series</subfield>
      <subfield code="a">Serie gerontología social</subfield>
      <subfield code="a">Colección Economía y empresa</subfield>
      <subfield code="a">Prentice Hall International series in the Physical and Chemical Engineering Sciences</subfield>
      <subfield code="a">Biblioteca mosaico</subfield>
      <subfield code="a">Matemáticas / Thomson</subfield>
      <subfield code="a">Matemáticas al alcance de todos</subfield>
      <subfield code="a">Enciclopedia iberoamericana de Filosofía</subfield>
      <subfield code="v">32</subfield>
    </datafield>
    <datafield tag="650" ind1=" " ind2=" ">
      <subfield code="a"> INVESTIGACION Y DESARROLLO</subfield>
    </datafield>
    <datafield tag="650" ind1=" " ind2=" ">
      <subfield code="a"> CIENCIA Y DESARROLLO</subfield>
    </datafield>
    <datafield tag="650" ind1=" " ind2=" ">
      <subfield code="a"> TECNOLOGIA </subfield>
    </datafield>
    <datafield tag="650" ind1=" " ind2=" ">
      <subfield code="a"> ORGANIZACION DE LA CIENCIA</subfield>
    </datafield>
    <datafield tag="942" ind1=" " ind2=" ">
      <subfield code="c">BK</subfield>
    </datafield>
    <datafield tag="952" ind1=" " ind2=" ">
      <subfield code="a">BIB_RECT</subfield>
      <subfield code="b">BIB_UARG</subfield>
      <subfield code="d">2013-08-21</subfield>
      <subfield code="y">BK</subfield>
      <subfield code="p">02-45299</subfield>
      <subfield code="i">02-45299</subfield>
      <subfield code="g">283.8</subfield>
      <subfield code="o">001.89 C569c</subfield>
      <subfield code="e">Compra SIUNPA</subfield>
      <subfield code="8">CG</subfield>
    </datafield>
  </record>