
  <record>
    <leader>01000aam  22002601a 4500</leader>
    <controlfield tag="001">YPZ98024</controlfield>
    <controlfield tag="003">YPZ</controlfield>
    <controlfield tag="005">201308221526200</controlfield>
    <controlfield tag="008">130822|###########||||||b||||||||||spa|d</controlfield>
    <datafield tag="020" ind1=" " ind2=" ">
      <subfield code="a">9789875841222</subfield>
    </datafield>
    <datafield tag="040" ind1=" " ind2=" ">
      <subfield code="c">SIUNPA</subfield>
    </datafield>
    <datafield tag="041" ind1=" " ind2=" ">
      <subfield code="a">spa</subfield>
    </datafield>
    <datafield tag="044" ind1=" " ind2=" ">
      <subfield code="a">AR</subfield>
    </datafield>
    <datafield tag="080" ind1=" " ind2=" ">
      <subfield code="a">69 M124p</subfield>
    </datafield>
    <datafield tag="100" ind1=" " ind2=" ">
      <subfield code="a">Macchia, José Luis.</subfield>
    </datafield>
    <datafield tag="245" ind1=" " ind2=" ">
      <subfield code="a">Prevención de accidentes en las obras</subfield>
      <subfield code="b"> : conceptos y normativas sobre higiene y seguridad en la construcción</subfield>
    </datafield>
    <datafield tag="250" ind1=" " ind2=" ">
      <subfield code="a">1a ed.</subfield>
    </datafield>
    <datafield tag="260" ind1=" " ind2=" ">
      <subfield code="a">Buenos Aires</subfield>
      <subfield code="b"> : Nobuko</subfield>
      <subfield code="c"> , 2007</subfield>
    </datafield>
    <datafield tag="300" ind1=" " ind2=" ">
      <subfield code="a">98 p. : </subfield>
      <subfield code="a">413 p. : </subfield>
      <subfield code="b">il. ; </subfield>
      <subfield code="a">48 p. : </subfield>
      <subfield code="b">il. ; </subfield>
      <subfield code="a">x, [433] p. en varías paginaciones : </subfield>
      <subfield code="b">il. ; </subfield>
      <subfield code="a">2 v. : </subfield>
      <subfield code="a">xv, 901, xx p. : </subfield>
      <subfield code="a">xiii, 274 p. : </subfield>
      <subfield code="a">xiii, 269 p. : </subfield>
      <subfield code="b">il. ; </subfield>
      <subfield code="a">447 p. : </subfield>
      <subfield code="b">il. ; </subfield>
      <subfield code="a">54 p. : </subfield>
      <subfield code="b">il. ; </subfield>
      <subfield code="a">209 p. : </subfield>
      <subfield code="a">389 p. : </subfield>
      <subfield code="b">cuadros ; </subfield>
      <subfield code="a">217 p. : </subfield>
      <subfield code="a">120 p. : </subfield>
      <subfield code="b">il. ; </subfield>
      <subfield code="a">xv, 377 p. : </subfield>
      <subfield code="b">il. ; </subfield>
      <subfield code="a">388 p. : </subfield>
      <subfield code="a">292 p. : </subfield>
      <subfield code="b">il. ; </subfield>
      <subfield code="a">302 p. : </subfield>
      <subfield code="b">il. ; </subfield>
      <subfield code="e">1 CD-ROM en bolsillo</subfield>
    </datafield>
    <datafield tag="650" ind1=" " ind2=" ">
      <subfield code="a"> INDUSTRIA DE LA CONSTRUCCION  SEGURIDAD DEL TRABAJO</subfield>
    </datafield>
    <datafield tag="650" ind1=" " ind2=" ">
      <subfield code="a"> MEDIDA DE SEGURIDAD</subfield>
    </datafield>
    <datafield tag="650" ind1=" " ind2=" ">
      <subfield code="a"> PREVENCION DE ACCIDENTE </subfield>
    </datafield>
    <datafield tag="650" ind1=" " ind2=" ">
      <subfield code="a"> LEGISLACION</subfield>
    </datafield>
    <datafield tag="942" ind1=" " ind2=" ">
      <subfield code="c">BK</subfield>
    </datafield>
    <datafield tag="952" ind1=" " ind2=" ">
      <subfield code="a">BIB_RECT</subfield>
      <subfield code="b">BIB_UART</subfield>
      <subfield code="d">2013-08-21</subfield>
      <subfield code="y">BK</subfield>
      <subfield code="p">03-45311</subfield>
      <subfield code="i">03-45311</subfield>
      <subfield code="g">183.1</subfield>
      <subfield code="o">69 M124p</subfield>
      <subfield code="e">Compra SIUNPA</subfield>
      <subfield code="8">CG</subfield>
    </datafield>
  </record>