
  <record>
    <leader>01000aam  22002601a 4500</leader>
    <controlfield tag="001">YPZ98026</controlfield>
    <controlfield tag="003">YPZ</controlfield>
    <controlfield tag="005">201308221627320</controlfield>
    <controlfield tag="008">130822|###########||||||b||||||||||spa|d</controlfield>
    <datafield tag="020" ind1=" " ind2=" ">
      <subfield code="a">9786071600202</subfield>
    </datafield>
    <datafield tag="040" ind1=" " ind2=" ">
      <subfield code="c">SIUNPA</subfield>
    </datafield>
    <datafield tag="041" ind1=" " ind2=" ">
      <subfield code="a">spa</subfield>
    </datafield>
    <datafield tag="044" ind1=" " ind2=" ">
      <subfield code="a">MX</subfield>
    </datafield>
    <datafield tag="080" ind1=" " ind2=" ">
      <subfield code="a">R78(038) D545d</subfield>
    </datafield>
    <datafield tag="245" ind1=" " ind2=" ">
      <subfield code="a">Diccionario enciclopédico de la música</subfield>
      <subfield code="c"> / Latham, Alison, coord. ; Pérez-Sáez, Alejandro, tr. y coord. de tr. ; Bañuelos, Federico, tr. ; Bitrán, Yael, tr. ; Brennan, Juan Arturo, tr. ; Pérez-Sáez, Alejandro, tr. ; Stern Rodríguez, Clara, rev.</subfield>
    </datafield>
    <datafield tag="250" ind1=" " ind2=" ">
      <subfield code="a">1a ed. en español</subfield>
    </datafield>
    <datafield tag="260" ind1=" " ind2=" ">
      <subfield code="a">México, D.F.</subfield>
      <subfield code="b"> : Fondo de Cultura Económica</subfield>
      <subfield code="c"> , 2009</subfield>
    </datafield>
    <datafield tag="650" ind1=" " ind2=" ">
      <subfield code="a"> MUSICA</subfield>
    </datafield>
    <datafield tag="650" ind1=" " ind2=" ">
      <subfield code="a"> DICCIONARIO ENCICLOPEDICO</subfield>
    </datafield>
    <datafield tag="942" ind1=" " ind2=" ">
      <subfield code="c">BK</subfield>
    </datafield>
    <datafield tag="952" ind1=" " ind2=" ">
      <subfield code="a">BIB_RECT</subfield>
      <subfield code="b">BIB_UART</subfield>
      <subfield code="d">2013-08-22</subfield>
      <subfield code="y">BK</subfield>
      <subfield code="p">03-45314</subfield>
      <subfield code="i">03-45314</subfield>
      <subfield code="g">674.9</subfield>
      <subfield code="o">R78(038) D545d</subfield>
      <subfield code="e">Compra SIUNPA</subfield>
      <subfield code="8">CR</subfield>
    </datafield>
  </record>