
  <record>
    <leader>01000aam  22002601a 4500</leader>
    <controlfield tag="001">YPZ98050</controlfield>
    <controlfield tag="003">YPZ</controlfield>
    <controlfield tag="005">201308261247260</controlfield>
    <controlfield tag="008">130826|###########||||||b||||||||||spa|d</controlfield>
    <datafield tag="040" ind1=" " ind2=" ">
      <subfield code="c">SIUNPA</subfield>
    </datafield>
    <datafield tag="041" ind1=" " ind2=" ">
      <subfield code="a">spa</subfield>
    </datafield>
    <datafield tag="044" ind1=" " ind2=" ">
      <subfield code="a">AR</subfield>
    </datafield>
    <datafield tag="080" ind1=" " ind2=" ">
      <subfield code="a">551.46 O159oc2</subfield>
    </datafield>
    <datafield tag="245" ind1=" " ind2=" ">
      <subfield code="a">Oceanografía</subfield>
      <subfield code="b"> : la última frontera</subfield>
      <subfield code="c"> / Vetter, Richard C., comp. ; Ares, Amanda D., tr. ; Orfali, Silvia Z., tr. ; Nigro, Patricia E., tr.</subfield>
    </datafield>
    <datafield tag="250" ind1=" " ind2=" ">
      <subfield code="a">2a ed.</subfield>
    </datafield>
    <datafield tag="260" ind1=" " ind2=" ">
      <subfield code="a">Buenos Aires</subfield>
      <subfield code="b"> : Instituto de Publicaciones Navales del Centro Naval</subfield>
      <subfield code="c"> , 1977</subfield>
    </datafield>
    <datafield tag="440" ind1=" " ind2=" ">
      <subfield code="a">Instituto de Publicaciones Navales|Colección ciencia y técnica</subfield>
      <subfield code="v">v. 35|6</subfield>
    </datafield>
    <datafield tag="490" ind1=" " ind2=" ">
      <subfield code="a">Instituto de Publicaciones Navales|Colección ciencia y técnica</subfield>
      <subfield code="v">v. 35|6</subfield>
    </datafield>
    <datafield tag="650" ind1=" " ind2=" ">
      <subfield code="a"> OCEANOGRAFIA</subfield>
    </datafield>
    <datafield tag="942" ind1=" " ind2=" ">
      <subfield code="c">BK</subfield>
    </datafield>
    <datafield tag="952" ind1=" " ind2=" ">
      <subfield code="a">BIB_RECT</subfield>
      <subfield code="b">BIB_UACO</subfield>
      <subfield code="d">2013-08-26</subfield>
      <subfield code="y">BK</subfield>
      <subfield code="p">02-45272</subfield>
      <subfield code="i">02-45272</subfield>
      <subfield code="g">70</subfield>
      <subfield code="o">551.46 O159oc2</subfield>
      <subfield code="e">UACO</subfield>
      <subfield code="8">CG</subfield>
    </datafield>
  </record>