
  <record>
    <leader>01000aam  22002601a 4500</leader>
    <controlfield tag="001">YPZ98051</controlfield>
    <controlfield tag="003">YPZ</controlfield>
    <controlfield tag="005">201308261328250</controlfield>
    <controlfield tag="008">130826|###########||||||b||||||||||spa|d</controlfield>
    <datafield tag="020" ind1=" " ind2=" ">
      <subfield code="a">9688806803</subfield>
    </datafield>
    <datafield tag="040" ind1=" " ind2=" ">
      <subfield code="c">SIUNPA</subfield>
    </datafield>
    <datafield tag="041" ind1=" " ind2=" ">
      <subfield code="a">spa</subfield>
    </datafield>
    <datafield tag="044" ind1=" " ind2=" ">
      <subfield code="a">MX</subfield>
    </datafield>
    <datafield tag="080" ind1=" " ind2=" ">
      <subfield code="a">512 S677a4</subfield>
    </datafield>
    <datafield tag="100" ind1=" " ind2=" ">
      <subfield code="a">Sobel, Max.</subfield>
    </datafield>
    <datafield tag="700" ind1=" " ind2=" ">
      <subfield code="a">Lerner, Norbert.</subfield>
    </datafield>
    <datafield tag="245" ind1=" " ind2=" ">
      <subfield code="a">Álgebra</subfield>
      <subfield code="b"> : cuarta edición</subfield>
      <subfield code="c"> / González Pozo, Virgilio, tr. ; Ibarra Mercado, Víctor Hugo, rev. técnica</subfield>
    </datafield>
    <datafield tag="250" ind1=" " ind2=" ">
      <subfield code="a">2a ed. en español</subfield>
    </datafield>
    <datafield tag="260" ind1=" " ind2=" ">
      <subfield code="a">Naucalpan de Juárez</subfield>
      <subfield code="b"> : Prentice Hall</subfield>
      <subfield code="c"> , 1996</subfield>
    </datafield>
    <datafield tag="650" ind1=" " ind2=" ">
      <subfield code="a"> ALGEBRA  SERIES (MATEMATICAS)</subfield>
    </datafield>
    <datafield tag="650" ind1=" " ind2=" ">
      <subfield code="a"> ALGEBRA LINEAL</subfield>
    </datafield>
    <datafield tag="650" ind1=" " ind2=" ">
      <subfield code="a"> FUNCIONES (MATEMATICAS)</subfield>
    </datafield>
    <datafield tag="650" ind1=" " ind2=" ">
      <subfield code="a"> MATRICES (MATEMATICAS)</subfield>
    </datafield>
    <datafield tag="650" ind1=" " ind2=" ">
      <subfield code="a"> PROBLEMAS Y EJERCICIOS</subfield>
    </datafield>
    <datafield tag="942" ind1=" " ind2=" ">
      <subfield code="c">BK</subfield>
    </datafield>
    <datafield tag="952" ind1=" " ind2=" ">
      <subfield code="a">BIB_RECT</subfield>
      <subfield code="b">BIB_UACO</subfield>
      <subfield code="d">2013-08-26</subfield>
      <subfield code="y">BK</subfield>
      <subfield code="p">02-04637</subfield>
      <subfield code="i">02-04637</subfield>
      <subfield code="g">250</subfield>
      <subfield code="o">512 S677a4</subfield>
      <subfield code="e">FOMEC 97</subfield>
      <subfield code="8">CG</subfield>
    </datafield>
    <datafield tag="952" ind1=" " ind2=" ">
      <subfield code="a">BIB_RECT</subfield>
      <subfield code="b">BIB_UACO</subfield>
      <subfield code="d">2013-08-26</subfield>
      <subfield code="y">BK</subfield>
      <subfield code="p">02-04642</subfield>
      <subfield code="i">02-04642</subfield>
      <subfield code="g">250</subfield>
      <subfield code="o">512 S677a4</subfield>
      <subfield code="e">Fomec 97</subfield>
      <subfield code="8">CG</subfield>
    </datafield>
    <datafield tag="952" ind1=" " ind2=" ">
      <subfield code="a">BIB_RECT</subfield>
      <subfield code="b">BIB_UACO</subfield>
      <subfield code="d">2013-08-26</subfield>
      <subfield code="y">BK</subfield>
      <subfield code="p">02-04643</subfield>
      <subfield code="i">02-04643</subfield>
      <subfield code="g">250</subfield>
      <subfield code="o">512 S677a4</subfield>
      <subfield code="e">Fomec 97</subfield>
      <subfield code="8">CG</subfield>
    </datafield>
    <datafield tag="952" ind1=" " ind2=" ">
      <subfield code="a">BIB_RECT</subfield>
      <subfield code="b">BIB_UACO</subfield>
      <subfield code="d">2013-08-26</subfield>
      <subfield code="y">BK</subfield>
      <subfield code="p">02-04644</subfield>
      <subfield code="i">02-04644</subfield>
      <subfield code="g">250</subfield>
      <subfield code="o">512 S677a4</subfield>
      <subfield code="e">Fomec 97</subfield>
      <subfield code="8">CG</subfield>
    </datafield>
    <datafield tag="952" ind1=" " ind2=" ">
      <subfield code="a">BIB_RECT</subfield>
      <subfield code="b">BIB_UACO</subfield>
      <subfield code="d">2013-08-26</subfield>
      <subfield code="y">BK</subfield>
      <subfield code="p">02-04645</subfield>
      <subfield code="i">02-04645</subfield>
      <subfield code="g">250</subfield>
      <subfield code="o">512 S677a4</subfield>
      <subfield code="e">Fomec 97</subfield>
      <subfield code="8">CG</subfield>
    </datafield>
    <datafield tag="952" ind1=" " ind2=" ">
      <subfield code="a">BIB_RECT</subfield>
      <subfield code="b">BIB_UACO</subfield>
      <subfield code="d">2013-08-26</subfield>
      <subfield code="y">BK</subfield>
      <subfield code="p">02-04646</subfield>
      <subfield code="i">02-04646</subfield>
      <subfield code="g">250</subfield>
      <subfield code="o">512 S677a4</subfield>
      <subfield code="e">Fomec 97</subfield>
      <subfield code="8">CG</subfield>
    </datafield>
    <datafield tag="952" ind1=" " ind2=" ">
      <subfield code="a">BIB_RECT</subfield>
      <subfield code="b">BIB_UACO</subfield>
      <subfield code="d">2013-08-26</subfield>
      <subfield code="y">BK</subfield>
      <subfield code="p">02-04647</subfield>
      <subfield code="i">02-04647</subfield>
      <subfield code="g">250</subfield>
      <subfield code="o">512 S677a4</subfield>
      <subfield code="e">Fomec 97</subfield>
      <subfield code="8">CG</subfield>
    </datafield>
    <datafield tag="952" ind1=" " ind2=" ">
      <subfield code="a">BIB_RECT</subfield>
      <subfield code="b">BIB_UACO</subfield>
      <subfield code="d">2013-08-26</subfield>
      <subfield code="y">BK</subfield>
      <subfield code="p">02-04648</subfield>
      <subfield code="i">02-04648</subfield>
      <subfield code="g">250</subfield>
      <subfield code="o">512 S677a4</subfield>
      <subfield code="e">Fomec 97</subfield>
      <subfield code="8">CG</subfield>
    </datafield>
    <datafield tag="952" ind1=" " ind2=" ">
      <subfield code="a">BIB_RECT</subfield>
      <subfield code="b">BIB_UACO</subfield>
      <subfield code="d">2013-08-26</subfield>
      <subfield code="y">BK</subfield>
      <subfield code="p">02-04649</subfield>
      <subfield code="i">02-04649</subfield>
      <subfield code="g">250</subfield>
      <subfield code="o">512 S677a4</subfield>
      <subfield code="e">Fomec 97</subfield>
      <subfield code="8">CG</subfield>
    </datafield>
    <datafield tag="952" ind1=" " ind2=" ">
      <subfield code="a">BIB_RECT</subfield>
      <subfield code="b">BIB_UART</subfield>
      <subfield code="d">2013-08-26</subfield>
      <subfield code="y">BK</subfield>
      <subfield code="p">03-00912</subfield>
      <subfield code="i">03-00912</subfield>
      <subfield code="g">250</subfield>
      <subfield code="o">512 S677a4</subfield>
      <subfield code="e">Migración UART</subfield>
      <subfield code="8">CG</subfield>
    </datafield>
    <datafield tag="952" ind1=" " ind2=" ">
      <subfield code="a">BIB_RECT</subfield>
      <subfield code="b">BIB_UART</subfield>
      <subfield code="d">2013-08-26</subfield>
      <subfield code="y">BK</subfield>
      <subfield code="p">03-00913</subfield>
      <subfield code="i">03-00913</subfield>
      <subfield code="g">250</subfield>
      <subfield code="o">512 S677a4</subfield>
      <subfield code="e">Migración UART</subfield>
      <subfield code="8">CG</subfield>
    </datafield>
    <datafield tag="952" ind1=" " ind2=" ">
      <subfield code="a">BIB_RECT</subfield>
      <subfield code="b">BIB_UART</subfield>
      <subfield code="d">2013-08-27</subfield>
      <subfield code="y">BK</subfield>
      <subfield code="p">03-02052</subfield>
      <subfield code="i">03-02052</subfield>
      <subfield code="g">49</subfield>
      <subfield code="o">512 S677a4</subfield>
      <subfield code="e">REEMPLAZO FOMEC O/C Nº40/99</subfield>
      <subfield code="8">CG</subfield>
    </datafield>
  </record>