
  <record>
    <leader>01000aam  22002601a 4500</leader>
    <controlfield tag="001">YPZ98052</controlfield>
    <controlfield tag="003">YPZ</controlfield>
    <controlfield tag="005">201308261411430</controlfield>
    <controlfield tag="008">130826|###########||||||b||||||||||spa|d</controlfield>
    <datafield tag="040" ind1=" " ind2=" ">
      <subfield code="c">SIUNPA</subfield>
    </datafield>
    <datafield tag="041" ind1=" " ind2=" ">
      <subfield code="a">spa</subfield>
    </datafield>
    <datafield tag="044" ind1=" " ind2=" ">
      <subfield code="a">AR</subfield>
    </datafield>
    <datafield tag="080" ind1=" " ind2=" ">
      <subfield code="a">639.3 P676pi</subfield>
    </datafield>
    <datafield tag="110" ind1=" " ind2=" ">
      <subfield code="a">Argentina. Secretaría de Agricultura, Ganaderia, Pesca y Alimentación. Dirección de Acuicultura.</subfield>
    </datafield>
    <datafield tag="245" ind1=" " ind2=" ">
      <subfield code="a">Piscicultura marina</subfield>
      <subfield code="b"> : sus posibilidades y desarrollo actual</subfield>
    </datafield>
    <datafield tag="260" ind1=" " ind2=" ">
      <subfield code="a">[Buenos Aires]</subfield>
      <subfield code="b"> : Secretaría de Agricultura, Ganaderia, Pesca y Alimentación</subfield>
      <subfield code="c"> , 1997</subfield>
    </datafield>
    <datafield tag="650" ind1=" " ind2=" ">
      <subfield code="a"> PISCICULTURA</subfield>
    </datafield>
    <datafield tag="650" ind1=" " ind2=" ">
      <subfield code="a"> PECES MARINOS </subfield>
    </datafield>
    <datafield tag="650" ind1=" " ind2=" ">
      <subfield code="a"> CRIA DE PECES</subfield>
    </datafield>
    <datafield tag="942" ind1=" " ind2=" ">
      <subfield code="c">BK</subfield>
    </datafield>
    <datafield tag="952" ind1=" " ind2=" ">
      <subfield code="a">BIB_RECT</subfield>
      <subfield code="b">BIB_UACO</subfield>
      <subfield code="d">2013-08-16</subfield>
      <subfield code="y">BK</subfield>
      <subfield code="p">02-45276</subfield>
      <subfield code="i">02-45276</subfield>
      <subfield code="g">35</subfield>
      <subfield code="o">639.3 P676pi</subfield>
      <subfield code="e">UACO</subfield>
      <subfield code="8">CG</subfield>
    </datafield>
    <datafield tag="952" ind1=" " ind2=" ">
      <subfield code="a">BIB_RECT</subfield>
      <subfield code="b">BIB_UASJ</subfield>
      <subfield code="d">2018-03-28</subfield>
      <subfield code="y">BK</subfield>
      <subfield code="p">04-49607</subfield>
      <subfield code="i">04-49607</subfield>
      <subfield code="g">140</subfield>
      <subfield code="o">639.3 P676pi</subfield>
      <subfield code="e">Don. Prof. Rajoy, Carlos</subfield>
      <subfield code="8">CG</subfield>
    </datafield>
  </record>