
  <record>
    <leader>01000aam  22002601a 4500</leader>
    <controlfield tag="001">YPZ98053</controlfield>
    <controlfield tag="003">YPZ</controlfield>
    <controlfield tag="005">201308261432080</controlfield>
    <controlfield tag="008">130826|###########||||||b||||||||||spa|d</controlfield>
    <datafield tag="040" ind1=" " ind2=" ">
      <subfield code="c">SIUNPA</subfield>
    </datafield>
    <datafield tag="041" ind1=" " ind2=" ">
      <subfield code="a">spa</subfield>
    </datafield>
    <datafield tag="044" ind1=" " ind2=" ">
      <subfield code="a">AR</subfield>
    </datafield>
    <datafield tag="080" ind1=" " ind2=" ">
      <subfield code="a">639.2 B783g</subfield>
    </datafield>
    <datafield tag="100" ind1=" " ind2=" ">
      <subfield code="a">Bovcon, Nelson D..</subfield>
    </datafield>
    <datafield tag="700" ind1=" " ind2=" ">
      <subfield code="a">Cochia, Pablo D..</subfield>
    </datafield>
    <datafield tag="245" ind1=" " ind2=" ">
      <subfield code="a">Guía para el reconocimiento de peces capturados por buques pesqueros monitoreados con observadores a bordo</subfield>
    </datafield>
    <datafield tag="260" ind1=" " ind2=" ">
      <subfield code="a">Rawson</subfield>
      <subfield code="b"> : Secretaría de Pesca de la Provincia del Chubut</subfield>
      <subfield code="c"> , 2007</subfield>
    </datafield>
    <datafield tag="300" ind1=" " ind2=" ">
      <subfield code="a">278 p. : </subfield>
      <subfield code="b">il. ; </subfield>
      <subfield code="a">1685 p. : </subfield>
      <subfield code="b">il. ; </subfield>
      <subfield code="a">xiv, 194 p. : </subfield>
      <subfield code="b">il. ; </subfield>
      <subfield code="a">156 p. : </subfield>
      <subfield code="a">143 p. : </subfield>
      <subfield code="b">il. ; </subfield>
      <subfield code="a">339 p. : </subfield>
      <subfield code="b">il. ; </subfield>
      <subfield code="a">xxv, 817 p. : </subfield>
      <subfield code="b">il. ; </subfield>
      <subfield code="a">203 p. : </subfield>
      <subfield code="a">174 p. : </subfield>
      <subfield code="b">il. ; </subfield>
      <subfield code="a">333 p. : </subfield>
      <subfield code="a">296 p. : </subfield>
      <subfield code="a">xxx, 962 p. : </subfield>
      <subfield code="b">il. ; </subfield>
      <subfield code="a">ix, 314 p. : </subfield>
      <subfield code="a">153 p. : </subfield>
      <subfield code="b">il. ; </subfield>
      <subfield code="a">235 p. : </subfield>
      <subfield code="b">il. ; </subfield>
      <subfield code="a">xv, 221 p. : </subfield>
      <subfield code="b">il. ; </subfield>
      <subfield code="a">270 p. : </subfield>
      <subfield code="b">il. ; </subfield>
      <subfield code="a">385 p. : </subfield>
      <subfield code="a">xxvii, 544 p. : </subfield>
      <subfield code="b">il. ; </subfield>
      <subfield code="a">266 p. : </subfield>
      <subfield code="b">il. ; </subfield>
      <subfield code="a">v. : </subfield>
      <subfield code="b">il. ; </subfield>
      <subfield code="a">221 p. : </subfield>
      <subfield code="b">il. ; </subfield>
      <subfield code="a">184 p. : </subfield>
      <subfield code="b">il. ; </subfield>
      <subfield code="a">117 p. : </subfield>
      <subfield code="b">il. ; </subfield>
      <subfield code="a">x, 302 p. : </subfield>
      <subfield code="b">il. ; </subfield>
      <subfield code="a">[688] p. en varias paginaciones : </subfield>
      <subfield code="b">il. ; </subfield>
      <subfield code="a">67 p. : </subfield>
      <subfield code="b">il. ; </subfield>
      <subfield code="a">44 p. : </subfield>
      <subfield code="b">il. ; </subfield>
      <subfield code="e">1 CD-ROM en bolsillo</subfield>
    </datafield>
    <datafield tag="650" ind1=" " ind2=" ">
      <subfield code="a"/>
    </datafield>
    <datafield tag="650" ind1=" " ind2=" ">
      <subfield code="a"> PESCA MARINA</subfield>
    </datafield>
    <datafield tag="650" ind1=" " ind2=" ">
      <subfield code="a"> PECES </subfield>
    </datafield>
    <datafield tag="650" ind1=" " ind2=" ">
      <subfield code="a"> PESQUERIA</subfield>
    </datafield>
    <datafield tag="942" ind1=" " ind2=" ">
      <subfield code="c">BK</subfield>
    </datafield>
    <datafield tag="952" ind1=" " ind2=" ">
      <subfield code="a">BIB_RECT</subfield>
      <subfield code="b">BIB_UACO</subfield>
      <subfield code="d">2013-08-16</subfield>
      <subfield code="y">BK</subfield>
      <subfield code="p">02-45273</subfield>
      <subfield code="i">02-45273</subfield>
      <subfield code="g">40</subfield>
      <subfield code="o">639.2 B783g</subfield>
      <subfield code="e">UACO</subfield>
      <subfield code="8">CG</subfield>
    </datafield>
    <datafield tag="952" ind1=" " ind2=" ">
      <subfield code="a">BIB_RECT</subfield>
      <subfield code="b">BIB_UACO</subfield>
      <subfield code="d">2013-08-16</subfield>
      <subfield code="y">BK</subfield>
      <subfield code="p">02-45274</subfield>
      <subfield code="i">02-45274</subfield>
      <subfield code="g">40</subfield>
      <subfield code="o">639.2 B783g</subfield>
      <subfield code="e">UACO</subfield>
      <subfield code="8">CG</subfield>
    </datafield>
    <datafield tag="952" ind1=" " ind2=" ">
      <subfield code="a">BIB_RECT</subfield>
      <subfield code="b">BIB_UACO</subfield>
      <subfield code="d">2013-08-16</subfield>
      <subfield code="y">BK</subfield>
      <subfield code="p">02-45275</subfield>
      <subfield code="i">02-45275</subfield>
      <subfield code="g">40</subfield>
      <subfield code="o">639.2 B783g</subfield>
      <subfield code="e">UACO</subfield>
      <subfield code="8">CG</subfield>
    </datafield>
  </record>