
  <record>
    <leader>01000aam  22002601a 4500</leader>
    <controlfield tag="001">YPZ98089</controlfield>
    <controlfield tag="003">YPZ</controlfield>
    <controlfield tag="005">201308300822110</controlfield>
    <controlfield tag="008">130830|###########||||||b||||||||||spa|d</controlfield>
    <datafield tag="020" ind1=" " ind2=" ">
      <subfield code="a">8487118003</subfield>
    </datafield>
    <datafield tag="040" ind1=" " ind2=" ">
      <subfield code="c">SIUNPA</subfield>
    </datafield>
    <datafield tag="041" ind1=" " ind2=" ">
      <subfield code="a">spa</subfield>
    </datafield>
    <datafield tag="044" ind1=" " ind2=" ">
      <subfield code="a">ES</subfield>
    </datafield>
    <datafield tag="080" ind1=" " ind2=" ">
      <subfield code="a">372.800.1 C758c4</subfield>
    </datafield>
    <datafield tag="245" ind1=" " ind2=" ">
      <subfield code="a">Constructivismo y enseñanza de las ciencias</subfield>
      <subfield code="c"> / Porlán, Rafael, comp. ; García, Eduardo, comp. ; Cañal, Pedro, comp.</subfield>
    </datafield>
    <datafield tag="250" ind1=" " ind2=" ">
      <subfield code="a">4a ed.</subfield>
    </datafield>
    <datafield tag="260" ind1=" " ind2=" ">
      <subfield code="a">Sevilla</subfield>
      <subfield code="b"> : Díada</subfield>
      <subfield code="c"> , 1997</subfield>
    </datafield>
    <datafield tag="440" ind1=" " ind2=" ">
      <subfield code="a">Biblioteca E.J. Hobsbawm de Historia Contemporánea</subfield>
      <subfield code="a">Biblioteca iberoamericana de pensamiento</subfield>
      <subfield code="a">Serie didáctica / Facultad de Agronomía, UBA</subfield>
      <subfield code="a">Serie didáctica / Facultad de Agronomía, UBA</subfield>
      <subfield code="a">Serie didáctica / Facultad de Agronomía, UBA</subfield>
      <subfield code="a">Colección investigación y enseñanza. Fundamentos</subfield>
      <subfield code="v">no. 2</subfield>
    </datafield>
    <datafield tag="490" ind1=" " ind2=" ">
      <subfield code="a">Biblioteca E.J. Hobsbawm de Historia Contemporánea</subfield>
      <subfield code="a">Biblioteca iberoamericana de pensamiento</subfield>
      <subfield code="a">Serie didáctica / Facultad de Agronomía, UBA</subfield>
      <subfield code="a">Serie didáctica / Facultad de Agronomía, UBA</subfield>
      <subfield code="a">Serie didáctica / Facultad de Agronomía, UBA</subfield>
      <subfield code="a">Colección investigación y enseñanza. Fundamentos</subfield>
      <subfield code="v">no. 2</subfield>
    </datafield>
    <datafield tag="650" ind1=" " ind2=" ">
      <subfield code="a"> ENSEÑANZA DE LA CIENCIA</subfield>
    </datafield>
    <datafield tag="650" ind1=" " ind2=" ">
      <subfield code="a"> METODOS DE ENSEÑANZA</subfield>
    </datafield>
    <datafield tag="650" ind1=" " ind2=" ">
      <subfield code="a"> EPISTEMOLOGIA</subfield>
    </datafield>
    <datafield tag="942" ind1=" " ind2=" ">
      <subfield code="c">BK</subfield>
    </datafield>
    <datafield tag="952" ind1=" " ind2=" ">
      <subfield code="a">BIB_RECT</subfield>
      <subfield code="b">BIB_UART</subfield>
      <subfield code="d">2013-08-30</subfield>
      <subfield code="y">BK</subfield>
      <subfield code="p">03-01089</subfield>
      <subfield code="i">03-01089</subfield>
      <subfield code="g">98</subfield>
      <subfield code="o">372.800.1 C758c4</subfield>
      <subfield code="e">Decanato</subfield>
      <subfield code="8">CG</subfield>
    </datafield>
  </record>