
  <record>
    <leader>01000aam  22002601a 4500</leader>
    <controlfield tag="001">YPZ98094</controlfield>
    <controlfield tag="003">YPZ</controlfield>
    <controlfield tag="005">201308301122080</controlfield>
    <controlfield tag="008">130830|###########||||||b||||||||||spa|d</controlfield>
    <datafield tag="020" ind1=" " ind2=" ">
      <subfield code="a">9701009614</subfield>
    </datafield>
    <datafield tag="040" ind1=" " ind2=" ">
      <subfield code="c">SIUNPA</subfield>
    </datafield>
    <datafield tag="041" ind1=" " ind2=" ">
      <subfield code="a">spa</subfield>
    </datafield>
    <datafield tag="044" ind1=" " ind2=" ">
      <subfield code="a">MX</subfield>
    </datafield>
    <datafield tag="080" ind1=" " ind2=" ">
      <subfield code="a">519.2 K239est2</subfield>
    </datafield>
    <datafield tag="100" ind1=" " ind2=" ">
      <subfield code="a">Kazmier, Leonard J..</subfield>
    </datafield>
    <datafield tag="700" ind1=" " ind2=" ">
      <subfield code="a">Díaz Mata, Alfredo.</subfield>
    </datafield>
    <datafield tag="700" ind1=" " ind2=" ">
      <subfield code="a">González González, Carlos.</subfield>
    </datafield>
    <datafield tag="245" ind1=" " ind2=" ">
      <subfield code="a">Estadística aplicada a la administración y a la economía</subfield>
      <subfield code="b"> : segunda edición revisada</subfield>
      <subfield code="c"> / Díaz Mata, Alfredo, tr. ; González González, Carlos, autoría del diskette ADMON-STAT y guía para el usuario ; Rodríguez Ocariz, Adrián, autoría del diskette ADMON-STAT y guía para el usuario</subfield>
    </datafield>
    <datafield tag="250" ind1=" " ind2=" ">
      <subfield code="a">2a ed. rev.</subfield>
    </datafield>
    <datafield tag="260" ind1=" " ind2=" ">
      <subfield code="a">México, D.F.</subfield>
      <subfield code="b"> : McGraw-Hill</subfield>
      <subfield code="c"> , 1996</subfield>
    </datafield>
    <datafield tag="300" ind1=" " ind2=" ">
      <subfield code="a">xvii, 454 p. : </subfield>
      <subfield code="b">il. ; </subfield>
      <subfield code="a">xiv, 275 p. : </subfield>
      <subfield code="b">il. ; </subfield>
      <subfield code="a">171 p. : </subfield>
      <subfield code="a">647 p. : </subfield>
      <subfield code="a">207 p. : </subfield>
      <subfield code="a">286 p. : </subfield>
      <subfield code="a">403 p. : </subfield>
      <subfield code="a">93 p. : </subfield>
      <subfield code="a">319 p. : </subfield>
      <subfield code="b">il. ; </subfield>
      <subfield code="a">365 p. : </subfield>
      <subfield code="b">il. ; </subfield>
      <subfield code="a">347 p. : </subfield>
      <subfield code="b">il. ; </subfield>
      <subfield code="a">189 p. : </subfield>
      <subfield code="a">283 p. : </subfield>
      <subfield code="a">303 p. : </subfield>
      <subfield code="a">423 p. : </subfield>
      <subfield code="b">il. ; </subfield>
      <subfield code="a">xvii, 306 p. : </subfield>
      <subfield code="b">il. ; </subfield>
      <subfield code="a">126 p. : </subfield>
      <subfield code="b">il. ; </subfield>
      <subfield code="a">290 p. : </subfield>
      <subfield code="b">il. ; </subfield>
      <subfield code="a">125 p. : </subfield>
      <subfield code="b">il. ; </subfield>
      <subfield code="a">410 p. : </subfield>
      <subfield code="b">il. ; </subfield>
      <subfield code="a">xi, 538 p. : </subfield>
      <subfield code="b">il. ; </subfield>
      <subfield code="a">ix, 356 p. : </subfield>
      <subfield code="b">il. ; </subfield>
      <subfield code="a">201 p. : </subfield>
      <subfield code="b">il. ; </subfield>
      <subfield code="a">227 p. : </subfield>
      <subfield code="a">126 p. : </subfield>
      <subfield code="b">il. ; </subfield>
      <subfield code="a">xii, 218 p. : </subfield>
      <subfield code="b">il. ; </subfield>
      <subfield code="a">xxi, [600] p. en varias paginaciones : </subfield>
      <subfield code="b">il. ; </subfield>
      <subfield code="a">520  p. : </subfield>
      <subfield code="b">il. ; </subfield>
      <subfield code="e">1 disquete (3½) en bolsillo</subfield>
    </datafield>
    <datafield tag="650" ind1=" " ind2=" ">
      <subfield code="a"> ESTADISTICA</subfield>
    </datafield>
    <datafield tag="650" ind1=" " ind2=" ">
      <subfield code="a"> ADMINISTRACION DE EMPRESAS</subfield>
    </datafield>
    <datafield tag="650" ind1=" " ind2=" ">
      <subfield code="a"> ECONOMIA</subfield>
    </datafield>
    <datafield tag="650" ind1=" " ind2=" ">
      <subfield code="a"> EJERCICIOS Y PROBLEMAS</subfield>
    </datafield>
    <datafield tag="942" ind1=" " ind2=" ">
      <subfield code="c">BK</subfield>
    </datafield>
    <datafield tag="952" ind1=" " ind2=" ">
      <subfield code="a">BIB_RECT</subfield>
      <subfield code="b">BIB_UARG</subfield>
      <subfield code="d">2013-08-30</subfield>
      <subfield code="y">BK</subfield>
      <subfield code="p">05-10018</subfield>
      <subfield code="i">05-10018</subfield>
      <subfield code="g">290</subfield>
      <subfield code="o">519.2 K239est2</subfield>
      <subfield code="e">Contrib. Estudiantil/95</subfield>
      <subfield code="8">CG</subfield>
    </datafield>
  </record>