
  <record>
    <leader>01000aam  22002601a 4500</leader>
    <controlfield tag="001">YPZ98095</controlfield>
    <controlfield tag="003">YPZ</controlfield>
    <controlfield tag="005">201308301255060</controlfield>
    <controlfield tag="008">130830|###########||||||b||||||||||spa|d</controlfield>
    <datafield tag="040" ind1=" " ind2=" ">
      <subfield code="c">SIUNPA</subfield>
    </datafield>
    <datafield tag="041" ind1=" " ind2=" ">
      <subfield code="a">spa</subfield>
    </datafield>
    <datafield tag="044" ind1=" " ind2=" ">
      <subfield code="a">AR</subfield>
    </datafield>
    <datafield tag="080" ind1=" " ind2=" ">
      <subfield code="a">316.423 T314t</subfield>
    </datafield>
    <datafield tag="245" ind1=" " ind2=" ">
      <subfield code="a">Teoría de las revoluciones y revoluciones latinoamericanas</subfield>
      <subfield code="c"> / Ansaldi, Waldo, comp. ; Funes, Patricia, comp.</subfield>
    </datafield>
    <datafield tag="260" ind1=" " ind2=" ">
      <subfield code="a">Buenos Aires</subfield>
      <subfield code="b"> : Unidad de Docencia e Investigaciones Sociohistóricas de América Latina, UDISHAL, Facultad de Ciencias Sociales, UBA</subfield>
      <subfield code="c"> , 1995</subfield>
    </datafield>
    <datafield tag="440" ind1=" " ind2=" ">
      <subfield code="a">Schaum</subfield>
      <subfield code="a">Documento de trabajo / Unidad de Docencia e Investigaciones Sociohistóricas de América Latina, UDISHAL</subfield>
      <subfield code="v">58</subfield>
    </datafield>
    <datafield tag="490" ind1=" " ind2=" ">
      <subfield code="a">Schaum</subfield>
      <subfield code="a">Documento de trabajo / Unidad de Docencia e Investigaciones Sociohistóricas de América Latina, UDISHAL</subfield>
      <subfield code="v">58</subfield>
    </datafield>
    <datafield tag="650" ind1=" " ind2=" ">
      <subfield code="a"> DINAMICA SOCIAL  SOCIOLOGIA DE LA HISTORIA</subfield>
    </datafield>
    <datafield tag="650" ind1=" " ind2=" ">
      <subfield code="a"> REVOLUCION</subfield>
    </datafield>
    <datafield tag="650" ind1=" " ind2=" ">
      <subfield code="a"> HISTORIA DE AMERICA LATINA</subfield>
    </datafield>
    <datafield tag="942" ind1=" " ind2=" ">
      <subfield code="c">BK</subfield>
    </datafield>
    <datafield tag="952" ind1=" " ind2=" ">
      <subfield code="a">BIB_RECT</subfield>
      <subfield code="b">BIB_UARG</subfield>
      <subfield code="d">2013-08-30</subfield>
      <subfield code="y">BK</subfield>
      <subfield code="p">05-09875</subfield>
      <subfield code="i">05-09875</subfield>
      <subfield code="g">59</subfield>
      <subfield code="o">316.423 T314t</subfield>
      <subfield code="e">Prof. Aixa Bona</subfield>
      <subfield code="8">CG</subfield>
    </datafield>
    <datafield tag="952" ind1=" " ind2=" ">
      <subfield code="a">BIB_RECT</subfield>
      <subfield code="b">BIB_UARG</subfield>
      <subfield code="d">2013-08-30</subfield>
      <subfield code="y">BK</subfield>
      <subfield code="p">05-09876</subfield>
      <subfield code="i">05-09876</subfield>
      <subfield code="g">59</subfield>
      <subfield code="o">316.423 T314t</subfield>
      <subfield code="e">Prof. Aixa Bona</subfield>
      <subfield code="8">CG</subfield>
    </datafield>
    <datafield tag="952" ind1=" " ind2=" ">
      <subfield code="a">BIB_RECT</subfield>
      <subfield code="b">BIB_UARG</subfield>
      <subfield code="d">2013-08-30</subfield>
      <subfield code="y">BK</subfield>
      <subfield code="p">05-09877</subfield>
      <subfield code="i">05-09877</subfield>
      <subfield code="g">59</subfield>
      <subfield code="o">316.423 T314t</subfield>
      <subfield code="e">Prof. Aixa Bona</subfield>
      <subfield code="8">CG</subfield>
    </datafield>
  </record>