
  <record>
    <leader>01000aam  22002601a 4500</leader>
    <controlfield tag="001">YPZ98099</controlfield>
    <controlfield tag="003">YPZ</controlfield>
    <controlfield tag="005">201308301601220</controlfield>
    <controlfield tag="008">130830|###########||||||b||||||||||spa|d</controlfield>
    <datafield tag="020" ind1=" " ind2=" ">
      <subfield code="a">9789879899076</subfield>
    </datafield>
    <datafield tag="040" ind1=" " ind2=" ">
      <subfield code="c">SIUNPA</subfield>
    </datafield>
    <datafield tag="041" ind1=" " ind2=" ">
      <subfield code="a">spa</subfield>
    </datafield>
    <datafield tag="044" ind1=" " ind2=" ">
      <subfield code="a">AR</subfield>
    </datafield>
    <datafield tag="080" ind1=" " ind2=" ">
      <subfield code="a">622 M538m</subfield>
    </datafield>
    <datafield tag="100" ind1=" " ind2=" ">
      <subfield code="a">Méndez, Vicente.</subfield>
    </datafield>
    <datafield tag="700" ind1=" " ind2=" ">
      <subfield code="a">Colón, Héctor O..</subfield>
    </datafield>
    <datafield tag="245" ind1=" " ind2=" ">
      <subfield code="a">Minería</subfield>
    </datafield>
    <datafield tag="260" ind1=" " ind2=" ">
      <subfield code="a">Buenos Aires</subfield>
      <subfield code="b"> : Asociación Argentina de Geólogos Economistas</subfield>
      <subfield code="c"> , [2011]</subfield>
    </datafield>
    <datafield tag="650" ind1=" " ind2=" ">
      <subfield code="a"> MINERIA</subfield>
    </datafield>
    <datafield tag="650" ind1=" " ind2=" ">
      <subfield code="a"> ARGENTINA</subfield>
    </datafield>
    <datafield tag="942" ind1=" " ind2=" ">
      <subfield code="c">BK</subfield>
    </datafield>
    <datafield tag="952" ind1=" " ind2=" ">
      <subfield code="a">BIB_RECT</subfield>
      <subfield code="b">BIB_UASJ</subfield>
      <subfield code="d">2013-09-02</subfield>
      <subfield code="y">BK</subfield>
      <subfield code="p">04-45419</subfield>
      <subfield code="i">04-45419</subfield>
      <subfield code="g">250</subfield>
      <subfield code="o">622 M538m</subfield>
      <subfield code="e">Donación</subfield>
      <subfield code="8">CG</subfield>
    </datafield>
    <datafield tag="952" ind1=" " ind2=" ">
      <subfield code="a">BIB_RECT</subfield>
      <subfield code="b">BIB_UASJ</subfield>
      <subfield code="d">2013-09-02</subfield>
      <subfield code="y">BK</subfield>
      <subfield code="p">04-45420</subfield>
      <subfield code="i">04-45420</subfield>
      <subfield code="g">250</subfield>
      <subfield code="o">622 M538m</subfield>
      <subfield code="e">Donación</subfield>
      <subfield code="8">CG</subfield>
    </datafield>
    <datafield tag="952" ind1=" " ind2=" ">
      <subfield code="a">BIB_RECT</subfield>
      <subfield code="b">BIB_UASJ</subfield>
      <subfield code="d">2013-09-02</subfield>
      <subfield code="y">BK</subfield>
      <subfield code="p">04-45421</subfield>
      <subfield code="i">04-45421</subfield>
      <subfield code="g">250</subfield>
      <subfield code="o">622 M538m</subfield>
      <subfield code="e">Donación</subfield>
      <subfield code="8">CG</subfield>
    </datafield>
    <datafield tag="952" ind1=" " ind2=" ">
      <subfield code="a">BIB_RECT</subfield>
      <subfield code="b">BIB_UARG</subfield>
      <subfield code="d">2013-11-06</subfield>
      <subfield code="y">BK</subfield>
      <subfield code="p">05-45774</subfield>
      <subfield code="i">05-45774</subfield>
      <subfield code="g">250</subfield>
      <subfield code="o">622 M538m</subfield>
      <subfield code="e">Peri, Pablo</subfield>
      <subfield code="8">CG</subfield>
    </datafield>
    <datafield tag="952" ind1=" " ind2=" ">
      <subfield code="a">BIB_RECT</subfield>
      <subfield code="b">BIB_UARG</subfield>
      <subfield code="d">2013-11-06</subfield>
      <subfield code="y">BK</subfield>
      <subfield code="p">05-45775</subfield>
      <subfield code="i">05-45775</subfield>
      <subfield code="g">250</subfield>
      <subfield code="o">622 M538m</subfield>
      <subfield code="e">Peri, Pablo</subfield>
      <subfield code="8">CG</subfield>
    </datafield>
  </record>