
  <record>
    <leader>01000aam  22002601a 4500</leader>
    <controlfield tag="001">YPZ98101</controlfield>
    <controlfield tag="003">YPZ</controlfield>
    <controlfield tag="005">201309021336430</controlfield>
    <controlfield tag="008">130902|###########||||||b||||||||||spa|d</controlfield>
    <datafield tag="020" ind1=" " ind2=" ">
      <subfield code="a">9789872736521 (t.1)</subfield>
    </datafield>
    <datafield tag="040" ind1=" " ind2=" ">
      <subfield code="c">SIUNPA</subfield>
    </datafield>
    <datafield tag="041" ind1=" " ind2=" ">
      <subfield code="a">spa</subfield>
    </datafield>
    <datafield tag="044" ind1=" " ind2=" ">
      <subfield code="a">AR</subfield>
    </datafield>
    <datafield tag="080" ind1=" " ind2=" ">
      <subfield code="a">792(091) P445a</subfield>
    </datafield>
    <datafield tag="100" ind1=" " ind2=" ">
      <subfield code="a">Perinelli, Roberto.</subfield>
    </datafield>
    <datafield tag="245" ind1=" " ind2=" ">
      <subfield code="a">Apuntes sobre la historia del teatro occidental</subfield>
    </datafield>
    <datafield tag="260" ind1=" " ind2=" ">
      <subfield code="a">Buenos Aires</subfield>
      <subfield code="b"> : Instituto Nacional del Teatro</subfield>
      <subfield code="c"> , 2011</subfield>
    </datafield>
    <datafield tag="500" ind1=" " ind2=" ">
      <subfield code="a">La biblioteca posee t.1</subfield>
    </datafield>
    <datafield tag="650" ind1=" " ind2=" ">
      <subfield code="a"> HISTORIA DEL TEATRO</subfield>
    </datafield>
    <datafield tag="942" ind1=" " ind2=" ">
      <subfield code="c">BK</subfield>
    </datafield>
    <datafield tag="952" ind1=" " ind2=" ">
      <subfield code="a">BIB_RECT</subfield>
      <subfield code="b">BIB_UACO</subfield>
      <subfield code="d">2013-09-02</subfield>
      <subfield code="y">BK</subfield>
      <subfield code="p">02-45434</subfield>
      <subfield code="i">02-45434</subfield>
      <subfield code="g">180</subfield>
      <subfield code="o">792(091) P445a</subfield>
      <subfield code="e">Donación UARG</subfield>
      <subfield code="8">CG</subfield>
    </datafield>
    <datafield tag="952" ind1=" " ind2=" ">
      <subfield code="a">BIB_RECT</subfield>
      <subfield code="b">BIB_UACO</subfield>
      <subfield code="d">2013-09-02</subfield>
      <subfield code="y">BK</subfield>
      <subfield code="p">02-45435</subfield>
      <subfield code="i">02-45435</subfield>
      <subfield code="g">180</subfield>
      <subfield code="o">792(091) P445a</subfield>
      <subfield code="e">Donación UARG</subfield>
      <subfield code="8">CG</subfield>
    </datafield>
    <datafield tag="952" ind1=" " ind2=" ">
      <subfield code="a">BIB_RECT</subfield>
      <subfield code="b">BIB_UART</subfield>
      <subfield code="d">2013-09-02</subfield>
      <subfield code="y">BK</subfield>
      <subfield code="p">03-45429</subfield>
      <subfield code="i">03-45429</subfield>
      <subfield code="g">180</subfield>
      <subfield code="o">792(091) P445a</subfield>
      <subfield code="e">Donación UARG</subfield>
      <subfield code="8">CG</subfield>
    </datafield>
    <datafield tag="952" ind1=" " ind2=" ">
      <subfield code="a">BIB_RECT</subfield>
      <subfield code="b">BIB_UART</subfield>
      <subfield code="d">2013-09-02</subfield>
      <subfield code="y">BK</subfield>
      <subfield code="p">03-45430</subfield>
      <subfield code="i">03-45430</subfield>
      <subfield code="g">180</subfield>
      <subfield code="o">792(091) P445a</subfield>
      <subfield code="e">Donación UARG</subfield>
      <subfield code="8">CG</subfield>
    </datafield>
    <datafield tag="952" ind1=" " ind2=" ">
      <subfield code="a">BIB_RECT</subfield>
      <subfield code="b">BIB_UART</subfield>
      <subfield code="d">2013-09-02</subfield>
      <subfield code="y">BK</subfield>
      <subfield code="p">03-45431</subfield>
      <subfield code="i">03-45431</subfield>
      <subfield code="g">180</subfield>
      <subfield code="o">792(091) P445a</subfield>
      <subfield code="e">Donación UARG</subfield>
      <subfield code="8">CG</subfield>
    </datafield>
    <datafield tag="952" ind1=" " ind2=" ">
      <subfield code="a">BIB_RECT</subfield>
      <subfield code="b">BIB_UARG</subfield>
      <subfield code="d">2013-09-03</subfield>
      <subfield code="y">BK</subfield>
      <subfield code="p">05-45437</subfield>
      <subfield code="i">05-45437</subfield>
      <subfield code="g">180</subfield>
      <subfield code="o">792(091) P445a</subfield>
      <subfield code="e">Donación DramaTiza</subfield>
      <subfield code="8">CG</subfield>
    </datafield>
    <datafield tag="952" ind1=" " ind2=" ">
      <subfield code="a">BIB_RECT</subfield>
      <subfield code="b">BIB_UARG</subfield>
      <subfield code="d">2013-09-03</subfield>
      <subfield code="y">BK</subfield>
      <subfield code="p">05-45438</subfield>
      <subfield code="i">05-45438</subfield>
      <subfield code="g">180</subfield>
      <subfield code="o">792(091) P445a</subfield>
      <subfield code="e">Donación DramaTiza</subfield>
      <subfield code="8">CG</subfield>
    </datafield>
  </record>