
  <record>
    <leader>01000aam  22002601a 4500</leader>
    <controlfield tag="001">YPZ98102</controlfield>
    <controlfield tag="003">YPZ</controlfield>
    <controlfield tag="005">201309021407240</controlfield>
    <controlfield tag="008">130902|###########||||||b||||||||||spa|d</controlfield>
    <datafield tag="020" ind1=" " ind2=" ">
      <subfield code="a">9789879433928</subfield>
    </datafield>
    <datafield tag="040" ind1=" " ind2=" ">
      <subfield code="c">SIUNPA</subfield>
    </datafield>
    <datafield tag="041" ind1=" " ind2=" ">
      <subfield code="a">spa</subfield>
    </datafield>
    <datafield tag="044" ind1=" " ind2=" ">
      <subfield code="a">AR</subfield>
    </datafield>
    <datafield tag="080" ind1=" " ind2=" ">
      <subfield code="a">792.071.2.028 P438c</subfield>
    </datafield>
    <datafield tag="100" ind1=" " ind2=" ">
      <subfield code="a">Pérez Cubas, Gabriela.</subfield>
    </datafield>
    <datafield tag="245" ind1=" " ind2=" ">
      <subfield code="a">Cuerpos con sombra</subfield>
      <subfield code="b"> : acerca del entrenamiento corporal del actor</subfield>
    </datafield>
    <datafield tag="250" ind1=" " ind2=" ">
      <subfield code="a">1a ed.</subfield>
    </datafield>
    <datafield tag="260" ind1=" " ind2=" ">
      <subfield code="a">Buenos Aires</subfield>
      <subfield code="b"> : Instituto Nacional del Teatro</subfield>
      <subfield code="c"> , 2011</subfield>
    </datafield>
    <datafield tag="650" ind1=" " ind2=" ">
      <subfield code="a"> ACTORES DE TEATRO</subfield>
    </datafield>
    <datafield tag="650" ind1=" " ind2=" ">
      <subfield code="a"> COMUNICACION NO VERBAL</subfield>
    </datafield>
    <datafield tag="650" ind1=" " ind2=" ">
      <subfield code="a"> ENTRENAMIENTO CORPORAL</subfield>
    </datafield>
    <datafield tag="942" ind1=" " ind2=" ">
      <subfield code="c">BK</subfield>
    </datafield>
    <datafield tag="952" ind1=" " ind2=" ">
      <subfield code="a">BIB_RECT</subfield>
      <subfield code="b">BIB_UACO</subfield>
      <subfield code="d">2013-09-02</subfield>
      <subfield code="y">BK</subfield>
      <subfield code="p">02-45418</subfield>
      <subfield code="i">02-45418</subfield>
      <subfield code="g">70</subfield>
      <subfield code="o">792.071.2.028 P438c</subfield>
      <subfield code="e">Donación UARG</subfield>
      <subfield code="8">CG</subfield>
    </datafield>
    <datafield tag="952" ind1=" " ind2=" ">
      <subfield code="a">BIB_RECT</subfield>
      <subfield code="b">BIB_UART</subfield>
      <subfield code="d">2013-09-02</subfield>
      <subfield code="y">BK</subfield>
      <subfield code="p">03-45424</subfield>
      <subfield code="i">03-45424</subfield>
      <subfield code="g">70</subfield>
      <subfield code="o">792.071.2.028 P438c</subfield>
      <subfield code="e">Donación UARG</subfield>
      <subfield code="8">CG</subfield>
    </datafield>
    <datafield tag="952" ind1=" " ind2=" ">
      <subfield code="a">BIB_RECT</subfield>
      <subfield code="b">BIB_UART</subfield>
      <subfield code="d">2013-09-02</subfield>
      <subfield code="y">BK</subfield>
      <subfield code="p">03-45425</subfield>
      <subfield code="i">03-45425</subfield>
      <subfield code="g">70</subfield>
      <subfield code="o">792.071.2.028 P438c</subfield>
      <subfield code="e">Donación UARG</subfield>
      <subfield code="8">CG</subfield>
    </datafield>
    <datafield tag="952" ind1=" " ind2=" ">
      <subfield code="a">BIB_RECT</subfield>
      <subfield code="b">BIB_UARG</subfield>
      <subfield code="d">2013-09-03</subfield>
      <subfield code="y">BK</subfield>
      <subfield code="p">05-45449</subfield>
      <subfield code="i">05-45449</subfield>
      <subfield code="g">70</subfield>
      <subfield code="o">792.071.2.028 P438c</subfield>
      <subfield code="e">DramaTiza</subfield>
      <subfield code="8">CG</subfield>
    </datafield>
    <datafield tag="952" ind1=" " ind2=" ">
      <subfield code="a">BIB_RECT</subfield>
      <subfield code="b">BIB_UARG</subfield>
      <subfield code="d">2013-09-03</subfield>
      <subfield code="y">BK</subfield>
      <subfield code="p">05-45450</subfield>
      <subfield code="i">05-45450</subfield>
      <subfield code="g">70</subfield>
      <subfield code="o">792.071.2.028 P438c</subfield>
      <subfield code="e">DramaTiza</subfield>
      <subfield code="8">CG</subfield>
    </datafield>
    <datafield tag="952" ind1=" " ind2=" ">
      <subfield code="a">BIB_RECT</subfield>
      <subfield code="b">BIB_UARG</subfield>
      <subfield code="d">2013-09-03</subfield>
      <subfield code="y">BK</subfield>
      <subfield code="p">05-45451</subfield>
      <subfield code="i">05-45451</subfield>
      <subfield code="g">70</subfield>
      <subfield code="o">792.071.2.028 P438c</subfield>
      <subfield code="e">DramaTiza</subfield>
      <subfield code="8">CG</subfield>
    </datafield>
  </record>