
  <record>
    <leader>01000aam  22002601a 4500</leader>
    <controlfield tag="001">YPZ98104</controlfield>
    <controlfield tag="003">YPZ</controlfield>
    <controlfield tag="005">201309021438570</controlfield>
    <controlfield tag="008">130902|###########||||||b||||||||||spa|d</controlfield>
    <datafield tag="020" ind1=" " ind2=" ">
      <subfield code="a">8448112512</subfield>
    </datafield>
    <datafield tag="040" ind1=" " ind2=" ">
      <subfield code="c">SIUNPA</subfield>
    </datafield>
    <datafield tag="041" ind1=" " ind2=" ">
      <subfield code="a">spa</subfield>
    </datafield>
    <datafield tag="044" ind1=" " ind2=" ">
      <subfield code="a">ES</subfield>
    </datafield>
    <datafield tag="080" ind1=" " ind2=" ">
      <subfield code="a">504.064.2 C229m2</subfield>
    </datafield>
    <datafield tag="100" ind1=" " ind2=" ">
      <subfield code="a">Canter, Larry W..</subfield>
    </datafield>
    <datafield tag="245" ind1=" " ind2=" ">
      <subfield code="a">Manual de evaluación de impacto ambiental</subfield>
      <subfield code="b"> : técnicas para la elaboración de estudios de impacto. Segunda edición</subfield>
      <subfield code="c"> / Español Echániz, Ignacio, tr. ; Castillo González, Isabel del, tr. ; Alós Cortés, Mercedes, tr. ; Álvarez-Villamil Bárcena, Genoveva, tr. ; López Álvarez, Jose Vicente, rev. técnica ; Casiilas Barral, José María, rev. técnica ; Gómez Alonso, Rosa María, rev. técnica</subfield>
    </datafield>
    <datafield tag="250" ind1=" " ind2=" ">
      <subfield code="a">1a ed. en español</subfield>
    </datafield>
    <datafield tag="260" ind1=" " ind2=" ">
      <subfield code="a">Madrid</subfield>
      <subfield code="b"> : McGraw-Hill</subfield>
      <subfield code="c"> , 1997</subfield>
    </datafield>
    <datafield tag="500" ind1=" " ind2=" ">
      <subfield code="a">En cub.: Segunda edición</subfield>
    </datafield>
    <datafield tag="650" ind1=" " ind2=" ">
      <subfield code="a"> EVALUACION DEL IMPACTO AMBIENTAL</subfield>
    </datafield>
    <datafield tag="650" ind1=" " ind2=" ">
      <subfield code="a"> PROTECCION AMBIENTAL </subfield>
    </datafield>
    <datafield tag="650" ind1=" " ind2=" ">
      <subfield code="a"> DERECHO AMBIENTAL</subfield>
    </datafield>
    <datafield tag="650" ind1=" " ind2=" ">
      <subfield code="a"> POLITICA AMBIENTAL </subfield>
    </datafield>
    <datafield tag="650" ind1=" " ind2=" ">
      <subfield code="a"> CONSERVACION DEL MEDIO AMBIENTE</subfield>
    </datafield>
    <datafield tag="650" ind1=" " ind2=" ">
      <subfield code="a"> GESTION AMBIENTAL </subfield>
    </datafield>
    <datafield tag="650" ind1=" " ind2=" ">
      <subfield code="a"> LEGISLACION</subfield>
    </datafield>
    <datafield tag="650" ind1=" " ind2=" ">
      <subfield code="a"> CALIDAD AMBIENTAL</subfield>
    </datafield>
    <datafield tag="942" ind1=" " ind2=" ">
      <subfield code="c">BK</subfield>
    </datafield>
    <datafield tag="952" ind1=" " ind2=" ">
      <subfield code="a">BIB_RECT</subfield>
      <subfield code="b">BIB_UASJ</subfield>
      <subfield code="d">2013-09-02</subfield>
      <subfield code="y">BK</subfield>
      <subfield code="p">04-00094</subfield>
      <subfield code="i">04-00094</subfield>
      <subfield code="g">350</subfield>
      <subfield code="o">504.064.2 C229m2</subfield>
      <subfield code="e">Desconocido</subfield>
      <subfield code="8">CG</subfield>
    </datafield>
  </record>