
  <record>
    <leader>01000aam  22002601a 4500</leader>
    <controlfield tag="001">YPZ98106</controlfield>
    <controlfield tag="003">YPZ</controlfield>
    <controlfield tag="005">201309031405060</controlfield>
    <controlfield tag="008">130903|###########||||||b||||||||||spa|d</controlfield>
    <datafield tag="020" ind1=" " ind2=" ">
      <subfield code="a">8487118003</subfield>
    </datafield>
    <datafield tag="040" ind1=" " ind2=" ">
      <subfield code="c">SIUNPA</subfield>
    </datafield>
    <datafield tag="041" ind1=" " ind2=" ">
      <subfield code="a">spa</subfield>
    </datafield>
    <datafield tag="044" ind1=" " ind2=" ">
      <subfield code="a">ES</subfield>
    </datafield>
    <datafield tag="080" ind1=" " ind2=" ">
      <subfield code="a">372.800.1 C758c2</subfield>
    </datafield>
    <datafield tag="245" ind1=" " ind2=" ">
      <subfield code="a">Constructivismo y enseñanza de las ciencias</subfield>
      <subfield code="c"> / Porlán, Rafael, comp. ; García, Eduardo, comp. ; Cañal, Pedro, comp.</subfield>
    </datafield>
    <datafield tag="250" ind1=" " ind2=" ">
      <subfield code="a">2a ed.</subfield>
    </datafield>
    <datafield tag="260" ind1=" " ind2=" ">
      <subfield code="a">Sevilla</subfield>
      <subfield code="b"> : Díada</subfield>
      <subfield code="c"> , 1995</subfield>
    </datafield>
    <datafield tag="440" ind1=" " ind2=" ">
      <subfield code="a">Colección historia teatral</subfield>
      <subfield code="a">Colección estudios teatrales</subfield>
      <subfield code="a">Manuales de McGraw-Hill de Ingeniería y Ciencia</subfield>
      <subfield code="a">Serie ingeniería geoambiental</subfield>
      <subfield code="a">Colección investigación y enseñanza. Fundamentos</subfield>
      <subfield code="v">no. 2</subfield>
    </datafield>
    <datafield tag="490" ind1=" " ind2=" ">
      <subfield code="a">Colección historia teatral</subfield>
      <subfield code="a">Colección estudios teatrales</subfield>
      <subfield code="a">Manuales de McGraw-Hill de Ingeniería y Ciencia</subfield>
      <subfield code="a">Serie ingeniería geoambiental</subfield>
      <subfield code="a">Colección investigación y enseñanza. Fundamentos</subfield>
      <subfield code="v">no. 2</subfield>
    </datafield>
    <datafield tag="650" ind1=" " ind2=" ">
      <subfield code="a"> ENSEÑANZA DE LA CIENCIA</subfield>
    </datafield>
    <datafield tag="650" ind1=" " ind2=" ">
      <subfield code="a"> METODOS DE ENSEÑANZA</subfield>
    </datafield>
    <datafield tag="650" ind1=" " ind2=" ">
      <subfield code="a"> EPISTEMOLOGIA</subfield>
    </datafield>
    <datafield tag="942" ind1=" " ind2=" ">
      <subfield code="c">BK</subfield>
    </datafield>
    <datafield tag="952" ind1=" " ind2=" ">
      <subfield code="a">BIB_RECT</subfield>
      <subfield code="b">BIB_UACO</subfield>
      <subfield code="d">2013-09-03</subfield>
      <subfield code="y">BK</subfield>
      <subfield code="p">02-06918</subfield>
      <subfield code="i">02-06918</subfield>
      <subfield code="g">100</subfield>
      <subfield code="o">372.800.1 C758c2</subfield>
      <subfield code="e">Acuerdo 125</subfield>
      <subfield code="8">CG</subfield>
    </datafield>
  </record>