
  <record>
    <leader>01000aam  22002601a 4500</leader>
    <controlfield tag="001">YPZ98109</controlfield>
    <controlfield tag="003">YPZ</controlfield>
    <controlfield tag="005">201309041010060</controlfield>
    <controlfield tag="008">130904|###########||||||b||||||||||spa|d</controlfield>
    <datafield tag="020" ind1=" " ind2=" ">
      <subfield code="a">8428208921</subfield>
    </datafield>
    <datafield tag="040" ind1=" " ind2=" ">
      <subfield code="c">SIUNPA</subfield>
    </datafield>
    <datafield tag="041" ind1=" " ind2=" ">
      <subfield code="a">spa</subfield>
    </datafield>
    <datafield tag="044" ind1=" " ind2=" ">
      <subfield code="a">ES</subfield>
    </datafield>
    <datafield tag="080" ind1=" " ind2=" ">
      <subfield code="a">54 A874qu</subfield>
    </datafield>
    <datafield tag="100" ind1=" " ind2=" ">
      <subfield code="a">Atkins, Peter W..</subfield>
    </datafield>
    <datafield tag="245" ind1=" " ind2=" ">
      <subfield code="a">Química general</subfield>
      <subfield code="c"> / Marco, José Manuel, tr. ; Ayala, Juan, tr. ; Borrell Damián, Lidia, tr. ; Talens, Federico Ignacio, tr. ; Mans i Teixidó, Claudi, rev. y coordinación</subfield>
    </datafield>
    <datafield tag="260" ind1=" " ind2=" ">
      <subfield code="a">Barcelona</subfield>
      <subfield code="b"> : Omega</subfield>
      <subfield code="c"> , 1992</subfield>
    </datafield>
    <datafield tag="650" ind1=" " ind2=" ">
      <subfield code="a"> QUIMICA</subfield>
    </datafield>
    <datafield tag="942" ind1=" " ind2=" ">
      <subfield code="c">BK</subfield>
    </datafield>
    <datafield tag="952" ind1=" " ind2=" ">
      <subfield code="a">BIB_RECT</subfield>
      <subfield code="b">BIB_UART</subfield>
      <subfield code="d">2013-09-04</subfield>
      <subfield code="y">BK</subfield>
      <subfield code="p">03-00600</subfield>
      <subfield code="i">03-00600</subfield>
      <subfield code="g">280</subfield>
      <subfield code="o">54 A874qu</subfield>
      <subfield code="e">Migración UART</subfield>
      <subfield code="8">CG</subfield>
    </datafield>
    <datafield tag="952" ind1=" " ind2=" ">
      <subfield code="a">BIB_RECT</subfield>
      <subfield code="b">BIB_UARG</subfield>
      <subfield code="d">2013-09-04</subfield>
      <subfield code="y">BK</subfield>
      <subfield code="p">05-10696</subfield>
      <subfield code="i">05-10696</subfield>
      <subfield code="g">280</subfield>
      <subfield code="o">54 A874qu</subfield>
      <subfield code="e">Fomec 585</subfield>
      <subfield code="8">CG</subfield>
    </datafield>
    <datafield tag="952" ind1=" " ind2=" ">
      <subfield code="a">BIB_RECT</subfield>
      <subfield code="b">BIB_UARG</subfield>
      <subfield code="d">2013-09-04</subfield>
      <subfield code="y">BK</subfield>
      <subfield code="p">05-10697</subfield>
      <subfield code="i">05-10697</subfield>
      <subfield code="g">280</subfield>
      <subfield code="o">54 A874qu</subfield>
      <subfield code="e">Fomec 585</subfield>
      <subfield code="8">CG</subfield>
    </datafield>
    <datafield tag="952" ind1=" " ind2=" ">
      <subfield code="a">BIB_RECT</subfield>
      <subfield code="b">BIB_UARG</subfield>
      <subfield code="d">2013-09-04</subfield>
      <subfield code="y">BK</subfield>
      <subfield code="p">05-10698</subfield>
      <subfield code="i">05-10698</subfield>
      <subfield code="g">280</subfield>
      <subfield code="o">54 A874qu</subfield>
      <subfield code="e">Fomec 585</subfield>
      <subfield code="8">CG</subfield>
    </datafield>
    <datafield tag="952" ind1=" " ind2=" ">
      <subfield code="a">BIB_RECT</subfield>
      <subfield code="b">BIB_UARG</subfield>
      <subfield code="d">2013-09-04</subfield>
      <subfield code="y">BK</subfield>
      <subfield code="p">05-10699</subfield>
      <subfield code="i">05-10699</subfield>
      <subfield code="g">280</subfield>
      <subfield code="o">54 A874qu</subfield>
      <subfield code="e">Fomec 585</subfield>
      <subfield code="8">CG</subfield>
    </datafield>
    <datafield tag="952" ind1=" " ind2=" ">
      <subfield code="a">BIB_RECT</subfield>
      <subfield code="b">BIB_UARG</subfield>
      <subfield code="d">2013-09-04</subfield>
      <subfield code="y">BK</subfield>
      <subfield code="p">05-10700</subfield>
      <subfield code="i">05-10700</subfield>
      <subfield code="g">280</subfield>
      <subfield code="o">54 A874qu</subfield>
      <subfield code="e">Fomec 585</subfield>
      <subfield code="8">CG</subfield>
    </datafield>
    <datafield tag="952" ind1=" " ind2=" ">
      <subfield code="a">BIB_RECT</subfield>
      <subfield code="b">BIB_UARG</subfield>
      <subfield code="d">2013-09-04</subfield>
      <subfield code="y">BK</subfield>
      <subfield code="p">05-10701</subfield>
      <subfield code="i">05-10701</subfield>
      <subfield code="g">280</subfield>
      <subfield code="o">54 A874qu</subfield>
      <subfield code="e">Fomec 585</subfield>
      <subfield code="8">CG</subfield>
    </datafield>
    <datafield tag="952" ind1=" " ind2=" ">
      <subfield code="a">BIB_RECT</subfield>
      <subfield code="b">BIB_UARG</subfield>
      <subfield code="d">2013-09-04</subfield>
      <subfield code="y">BK</subfield>
      <subfield code="p">05-12771</subfield>
      <subfield code="i">05-12771</subfield>
      <subfield code="g">280</subfield>
      <subfield code="o">54 A874qu</subfield>
      <subfield code="e">Fomec 585</subfield>
      <subfield code="8">CG</subfield>
    </datafield>
  </record>