
  <record>
    <leader>01000aam  22002601a 4500</leader>
    <controlfield tag="001">YPZ98116</controlfield>
    <controlfield tag="003">YPZ</controlfield>
    <controlfield tag="005">201309041627490</controlfield>
    <controlfield tag="008">130904|###########||||||b||||||||||spa|d</controlfield>
    <datafield tag="020" ind1=" " ind2=" ">
      <subfield code="a">9789879433881</subfield>
    </datafield>
    <datafield tag="040" ind1=" " ind2=" ">
      <subfield code="c">SIUNPA</subfield>
    </datafield>
    <datafield tag="041" ind1=" " ind2=" ">
      <subfield code="a">spa</subfield>
    </datafield>
    <datafield tag="044" ind1=" " ind2=" ">
      <subfield code="a">AR</subfield>
    </datafield>
    <datafield tag="080" ind1=" " ind2=" ">
      <subfield code="a">821.134.2(82)</subfield>
    </datafield>
    <datafield tag="100" ind1=" " ind2=" ">
      <subfield code="a">Palacios, Cristian Eduardo.</subfield>
    </datafield>
    <datafield tag="700" ind1=" " ind2=" ">
      <subfield code="a">Labrador, Silvia Beatriz.</subfield>
    </datafield>
    <datafield tag="700" ind1=" " ind2=" ">
      <subfield code="a">Zaballa, Daniel.</subfield>
    </datafield>
    <datafield tag="700" ind1=" " ind2=" ">
      <subfield code="a">Martín, Cecilia.</subfield>
    </datafield>
    <datafield tag="700" ind1=" " ind2=" ">
      <subfield code="a">Arrech, Mónica.</subfield>
    </datafield>
    <datafield tag="700" ind1=" " ind2=" ">
      <subfield code="a">Aramburú, Roxana.</subfield>
    </datafield>
    <datafield tag="700" ind1=" " ind2=" ">
      <subfield code="a">Rinaldi, Gricelda.</subfield>
    </datafield>
    <datafield tag="110" ind1=" " ind2=" ">
      <subfield code="a">Concurso Nacional de Obras de Teatro Infantil (11 : [2009] : Buenos Aires).</subfield>
    </datafield>
    <datafield tag="245" ind1=" " ind2=" ">
      <subfield code="a">Teatro/11</subfield>
    </datafield>
    <datafield tag="250" ind1=" " ind2=" ">
      <subfield code="a">1a ed.</subfield>
    </datafield>
    <datafield tag="260" ind1=" " ind2=" ">
      <subfield code="a">Buenos Aires</subfield>
      <subfield code="b"> : Instituto Nacional del Teatro</subfield>
      <subfield code="c"> , 2008</subfield>
    </datafield>
    <datafield tag="650" ind1=" " ind2=" ">
      <subfield code="a"> LITERATURA ARGENTINA</subfield>
    </datafield>
    <datafield tag="650" ind1=" " ind2=" ">
      <subfield code="a"> TEATRO ARGENTINO </subfield>
    </datafield>
    <datafield tag="650" ind1=" " ind2=" ">
      <subfield code="a"> TEATRO INFANTIL</subfield>
    </datafield>
    <datafield tag="505" ind1="0" ind2="0">
      <subfield code="g">p. 3-32</subfield>
      <subfield code="g">- LITERATURA ARGENTINA|- TEATRO ARGENTIN</subfield>
      <subfield code="r">Palacios, Cristian Eduardo</subfield>
      <subfield code="t">Las olorosas aventuras de William Calderón</subfield>
    </datafield>
    <datafield tag="505" ind1="0" ind2="0">
      <subfield code="g">p. 33-58</subfield>
      <subfield code="g">- LITERATURA ARGENTINA|- TEATRO ARGENTIN</subfield>
      <subfield code="r">Labrador, Silvia Beatriz</subfield>
      <subfield code="t">Amores imposibles, amigos posibles</subfield>
    </datafield>
    <datafield tag="505" ind1="0" ind2="0">
      <subfield code="g">p. 59-104</subfield>
      <subfield code="g">- LITERATURA ARGENTINA|- TEATRO ARGENTIN</subfield>
      <subfield code="r">Zaballa, Daniel</subfield>
      <subfield code="t">¡Payasos en bandas!</subfield>
    </datafield>
    <datafield tag="505" ind1="0" ind2="0">
      <subfield code="g">p. 105-126</subfield>
      <subfield code="g">- LITERATURA ARGENTINA|- TEATRO ARGENTIN</subfield>
      <subfield code="r">Martín Cecilia|Arrech, Mónica</subfield>
      <subfield code="t">Historias de requetepueblo:al pan, pan</subfield>
    </datafield>
    <datafield tag="505" ind1="0" ind2="0">
      <subfield code="g">p. 127-150</subfield>
      <subfield code="g">- LITERATURA ARGENTINA|- TEATRO ARGENTIN</subfield>
      <subfield code="r">Aramburú, Roxana</subfield>
      <subfield code="t">Un míster en Patagonia</subfield>
    </datafield>
    <datafield tag="505" ind1="0" ind2="0">
      <subfield code="g">Cuento con plumas</subfield>
      <subfield code="g">- LITERATURA ARGENTINA|- TEATRO ARGENTIN</subfield>
      <subfield code="r">Rinaldi, Gricelda</subfield>
      <subfield code="t">Cuento con plumas</subfield>
    </datafield>
    <datafield tag="773" ind1="0" ind2="#">
      <subfield code="a">Palacios, Cristian Eduardo</subfield>
      <subfield code="g">- LITERATURA ARGENTINA|- TEATRO ARGENTIN</subfield>
      <subfield code="h">p. 3-32</subfield>
      <subfield code="t">Las olorosas aventuras de William Calderón</subfield>
    </datafield>
    <datafield tag="773" ind1="0" ind2="#">
      <subfield code="a">Labrador, Silvia Beatriz</subfield>
      <subfield code="g">- LITERATURA ARGENTINA|- TEATRO ARGENTIN</subfield>
      <subfield code="h">p. 33-58</subfield>
      <subfield code="t">Amores imposibles, amigos posibles</subfield>
    </datafield>
    <datafield tag="773" ind1="0" ind2="#">
      <subfield code="a">Zaballa, Daniel</subfield>
      <subfield code="g">- LITERATURA ARGENTINA|- TEATRO ARGENTIN</subfield>
      <subfield code="h">p. 59-104</subfield>
      <subfield code="t">¡Payasos en bandas!</subfield>
    </datafield>
    <datafield tag="773" ind1="0" ind2="#">
      <subfield code="a">Martín Cecilia|Arrech, Mónica</subfield>
      <subfield code="g">- LITERATURA ARGENTINA|- TEATRO ARGENTIN</subfield>
      <subfield code="h">p. 105-126</subfield>
      <subfield code="t">Historias de requetepueblo:al pan, pan</subfield>
    </datafield>
    <datafield tag="773" ind1="0" ind2="#">
      <subfield code="a">Aramburú, Roxana</subfield>
      <subfield code="g">- LITERATURA ARGENTINA|- TEATRO ARGENTIN</subfield>
      <subfield code="h">p. 127-150</subfield>
      <subfield code="t">Un míster en Patagonia</subfield>
    </datafield>
    <datafield tag="773" ind1="0" ind2="#">
      <subfield code="a">Rinaldi, Gricelda</subfield>
      <subfield code="g">- LITERATURA ARGENTINA|- TEATRO ARGENTIN</subfield>
      <subfield code="h">Cuento con plumas</subfield>
      <subfield code="t">Cuento con plumas</subfield>
    </datafield>
    <datafield tag="942" ind1=" " ind2=" ">
      <subfield code="c">BK</subfield>
    </datafield>
    <datafield tag="952" ind1=" " ind2=" ">
      <subfield code="a">BIB_RECT</subfield>
      <subfield code="b">BIB_UARG</subfield>
      <subfield code="d">2013-09-03</subfield>
      <subfield code="y">BK</subfield>
      <subfield code="p">05-45462</subfield>
      <subfield code="i">05-45462</subfield>
      <subfield code="g">60</subfield>
      <subfield code="o">821.134.2(82)</subfield>
      <subfield code="e">Donación DramaTiza</subfield>
      <subfield code="8">CG</subfield>
    </datafield>
  </record>