
  <record>
    <leader>01000aam  22002601a 4500</leader>
    <controlfield tag="001">YPZ98117</controlfield>
    <controlfield tag="003">YPZ</controlfield>
    <controlfield tag="005">201309041644560</controlfield>
    <controlfield tag="008">130904|###########||||||b||||||||||spa|d</controlfield>
    <datafield tag="020" ind1=" " ind2=" ">
      <subfield code="a">9879433351</subfield>
    </datafield>
    <datafield tag="040" ind1=" " ind2=" ">
      <subfield code="c">SIUNPA</subfield>
    </datafield>
    <datafield tag="041" ind1=" " ind2=" ">
      <subfield code="a">spa</subfield>
    </datafield>
    <datafield tag="044" ind1=" " ind2=" ">
      <subfield code="a">AR</subfield>
    </datafield>
    <datafield tag="080" ind1=" " ind2=" ">
      <subfield code="a">821.134.2(82) K189b</subfield>
    </datafield>
    <datafield tag="100" ind1=" " ind2=" ">
      <subfield code="a">Kartun, Mauricio.</subfield>
    </datafield>
    <datafield tag="700" ind1=" " ind2=" ">
      <subfield code="a">Cano, Luis.</subfield>
    </datafield>
    <datafield tag="700" ind1=" " ind2=" ">
      <subfield code="a">Accame, Jorge.</subfield>
    </datafield>
    <datafield tag="245" ind1=" " ind2=" ">
      <subfield code="a">Becas de creación</subfield>
    </datafield>
    <datafield tag="250" ind1=" " ind2=" ">
      <subfield code="a">1a ed.</subfield>
    </datafield>
    <datafield tag="260" ind1=" " ind2=" ">
      <subfield code="a">Buenos Aires</subfield>
      <subfield code="b"> : Instituto Nacional del Teatro</subfield>
      <subfield code="c"> , 2005</subfield>
    </datafield>
    <datafield tag="650" ind1=" " ind2=" ">
      <subfield code="a"> LITERATURA ARGENTINA</subfield>
    </datafield>
    <datafield tag="650" ind1=" " ind2=" ">
      <subfield code="a"> TEATRO ARGENTINO</subfield>
    </datafield>
    <datafield tag="505" ind1="0" ind2="0">
      <subfield code="g">p. 5-30</subfield>
      <subfield code="g">- LITERATURA ARGENTINA|- TEATRO ARGENTIN</subfield>
      <subfield code="r">Kartun, Mauricio</subfield>
      <subfield code="t">La madonnita</subfield>
    </datafield>
    <datafield tag="505" ind1="0" ind2="0">
      <subfield code="g">p. 31-44</subfield>
      <subfield code="g">- LITERATURA ARGENTINA|- TEATRO ARGENTIN</subfield>
      <subfield code="r">Cano, Luis</subfield>
      <subfield code="t">El paciente</subfield>
    </datafield>
    <datafield tag="505" ind1="0" ind2="0">
      <subfield code="g">p. 45-68</subfield>
      <subfield code="g">- LITERATURA ARGENTINA- TEATRO ARGENTINO</subfield>
      <subfield code="r">Accame, Jorge</subfield>
      <subfield code="t">Segovia o de la poesía</subfield>
    </datafield>
    <datafield tag="773" ind1="0" ind2="#">
      <subfield code="a">Kartun, Mauricio</subfield>
      <subfield code="g">- LITERATURA ARGENTINA|- TEATRO ARGENTIN</subfield>
      <subfield code="h">p. 5-30</subfield>
      <subfield code="t">La madonnita</subfield>
    </datafield>
    <datafield tag="773" ind1="0" ind2="#">
      <subfield code="a">Cano, Luis</subfield>
      <subfield code="g">- LITERATURA ARGENTINA|- TEATRO ARGENTIN</subfield>
      <subfield code="h">p. 31-44</subfield>
      <subfield code="t">El paciente</subfield>
    </datafield>
    <datafield tag="773" ind1="0" ind2="#">
      <subfield code="a">Accame, Jorge</subfield>
      <subfield code="g">- LITERATURA ARGENTINA- TEATRO ARGENTINO</subfield>
      <subfield code="h">p. 45-68</subfield>
      <subfield code="t">Segovia o de la poesía</subfield>
    </datafield>
    <datafield tag="942" ind1=" " ind2=" ">
      <subfield code="c">BK</subfield>
    </datafield>
    <datafield tag="952" ind1=" " ind2=" ">
      <subfield code="a">BIB_RECT</subfield>
      <subfield code="b">BIB_UARG</subfield>
      <subfield code="d">2013-09-03</subfield>
      <subfield code="y">BK</subfield>
      <subfield code="p">05-45458</subfield>
      <subfield code="i">05-45458</subfield>
      <subfield code="g">70</subfield>
      <subfield code="o">821.134.2(82) K189b</subfield>
      <subfield code="e">Donación DramaTiza</subfield>
      <subfield code="8">CG</subfield>
    </datafield>
  </record>