
  <record>
    <leader>01000aam  22002601a 4500</leader>
    <controlfield tag="001">YPZ98124</controlfield>
    <controlfield tag="003">YPZ</controlfield>
    <controlfield tag="005">201309051402290</controlfield>
    <controlfield tag="008">130905|###########||||||b||||||||||spa|d</controlfield>
    <datafield tag="040" ind1=" " ind2=" ">
      <subfield code="c">SIUNPA</subfield>
    </datafield>
    <datafield tag="041" ind1=" " ind2=" ">
      <subfield code="a">spa</subfield>
    </datafield>
    <datafield tag="044" ind1=" " ind2=" ">
      <subfield code="a">AR</subfield>
    </datafield>
    <datafield tag="080" ind1=" " ind2=" ">
      <subfield code="a">R811.134.2(038)</subfield>
    </datafield>
    <datafield tag="100" ind1=" " ind2=" ">
      <subfield code="a">Coluccio, Félix.</subfield>
    </datafield>
    <datafield tag="245" ind1=" " ind2=" ">
      <subfield code="a">Diccionario de voces y expresiones argentinas</subfield>
    </datafield>
    <datafield tag="260" ind1=" " ind2=" ">
      <subfield code="a">Buenos Aires</subfield>
      <subfield code="b"> : Plus Ultra</subfield>
      <subfield code="c"> , 1979</subfield>
    </datafield>
    <datafield tag="440" ind1=" " ind2=" ">
      <subfield code="a">Colección historia teatral</subfield>
      <subfield code="a">Schaum</subfield>
      <subfield code="a">Colección homenaje al teatro argentino</subfield>
      <subfield code="a">Colección estudios teatrales</subfield>
      <subfield code="a">Colección estudios teatrales</subfield>
      <subfield code="a">Colección premios</subfield>
      <subfield code="a">Colección premios</subfield>
      <subfield code="a">Colección el país teatral. Serie autores</subfield>
      <subfield code="a">Colección estudios teatrales</subfield>
      <subfield code="a">Colección estudios / Monte Ávila</subfield>
      <subfield code="a">Temas argentinos</subfield>
      <subfield code="v">4</subfield>
    </datafield>
    <datafield tag="490" ind1=" " ind2=" ">
      <subfield code="a">Colección historia teatral</subfield>
      <subfield code="a">Schaum</subfield>
      <subfield code="a">Colección homenaje al teatro argentino</subfield>
      <subfield code="a">Colección estudios teatrales</subfield>
      <subfield code="a">Colección estudios teatrales</subfield>
      <subfield code="a">Colección premios</subfield>
      <subfield code="a">Colección premios</subfield>
      <subfield code="a">Colección el país teatral. Serie autores</subfield>
      <subfield code="a">Colección estudios teatrales</subfield>
      <subfield code="a">Colección estudios / Monte Ávila</subfield>
      <subfield code="a">Temas argentinos</subfield>
      <subfield code="v">4</subfield>
    </datafield>
    <datafield tag="650" ind1=" " ind2=" ">
      <subfield code="a"> LENGUAJE HABLADO</subfield>
    </datafield>
    <datafield tag="650" ind1=" " ind2=" ">
      <subfield code="a"> USO LINGÜISTICO</subfield>
    </datafield>
    <datafield tag="650" ind1=" " ind2=" ">
      <subfield code="a"> CULTURAS POPULARES </subfield>
    </datafield>
    <datafield tag="650" ind1=" " ind2=" ">
      <subfield code="a"> ARGENTINISMOS</subfield>
    </datafield>
    <datafield tag="650" ind1=" " ind2=" ">
      <subfield code="a"> DICCIONARIO</subfield>
    </datafield>
    <datafield tag="650" ind1=" " ind2=" ">
      <subfield code="a"> ARGENTINA</subfield>
    </datafield>
    <datafield tag="942" ind1=" " ind2=" ">
      <subfield code="c">BK</subfield>
    </datafield>
    <datafield tag="952" ind1=" " ind2=" ">
      <subfield code="a">BIB_RECT</subfield>
      <subfield code="b">BIB_UARG</subfield>
      <subfield code="d">2013-09-05</subfield>
      <subfield code="y">BK</subfield>
      <subfield code="p">05-45493</subfield>
      <subfield code="i">05-45493</subfield>
      <subfield code="g">65</subfield>
      <subfield code="o">R811.134.2(038)</subfield>
      <subfield code="e">Don. Celada, Amelia</subfield>
      <subfield code="8">CR</subfield>
    </datafield>
  </record>