
  <record>
    <leader>01000aam  22002601a 4500</leader>
    <controlfield tag="001">YPZ98130</controlfield>
    <controlfield tag="003">YPZ</controlfield>
    <controlfield tag="005">201309051756430</controlfield>
    <controlfield tag="008">130905|###########||||||b||||||||||spa|d</controlfield>
    <datafield tag="020" ind1=" " ind2=" ">
      <subfield code="a">9870404820</subfield>
    </datafield>
    <datafield tag="020" ind1=" " ind2=" ">
      <subfield code="a">9789870404828</subfield>
    </datafield>
    <datafield tag="040" ind1=" " ind2=" ">
      <subfield code="c">SIUNPA</subfield>
    </datafield>
    <datafield tag="041" ind1=" " ind2=" ">
      <subfield code="a">spa</subfield>
    </datafield>
    <datafield tag="044" ind1=" " ind2=" ">
      <subfield code="a">AR</subfield>
    </datafield>
    <datafield tag="080" ind1=" " ind2=" ">
      <subfield code="a">821.134.2(82)(092)</subfield>
    </datafield>
    <datafield tag="245" ind1=" " ind2=" ">
      <subfield code="a">Julio Cortázar</subfield>
      <subfield code="b"> : compromiso y fantasía</subfield>
      <subfield code="c"> / García Romero, Graciela, investigación y ed. iconográfica ; Lozano, Daniela, informes e investigación ; Cavallaro, Diana, dir. edit.</subfield>
    </datafield>
    <datafield tag="250" ind1=" " ind2=" ">
      <subfield code="a">1a ed.</subfield>
    </datafield>
    <datafield tag="260" ind1=" " ind2=" ">
      <subfield code="a">Buenos Aires</subfield>
      <subfield code="b"> : Aguilar</subfield>
      <subfield code="b"> : La Nación</subfield>
      <subfield code="c"> , 2006</subfield>
    </datafield>
    <datafield tag="440" ind1=" " ind2=" ">
      <subfield code="a">Selección Emecé de obras contemporáneas</subfield>
      <subfield code="a">Protagonistas de la cultura argentina</subfield>
      <subfield code="v">1</subfield>
    </datafield>
    <datafield tag="490" ind1=" " ind2=" ">
      <subfield code="a">Selección Emecé de obras contemporáneas</subfield>
      <subfield code="a">Protagonistas de la cultura argentina</subfield>
      <subfield code="v">1</subfield>
    </datafield>
    <datafield tag="650" ind1=" " ind2=" ">
      <subfield code="a"> LITERATURA ARGENTINA</subfield>
    </datafield>
    <datafield tag="650" ind1=" " ind2=" ">
      <subfield code="a"> CORTAZAR, JULIO (1914</subfield>
    </datafield>
    <datafield tag="650" ind1=" " ind2=" ">
      <subfield code="a">1984)</subfield>
    </datafield>
    <datafield tag="650" ind1=" " ind2=" ">
      <subfield code="a"> BIOGRAFIA</subfield>
    </datafield>
    <datafield tag="942" ind1=" " ind2=" ">
      <subfield code="c">BK</subfield>
    </datafield>
    <datafield tag="952" ind1=" " ind2=" ">
      <subfield code="a">BIB_RECT</subfield>
      <subfield code="b">BIB_UARG</subfield>
      <subfield code="d">2013-09-04</subfield>
      <subfield code="y">BK</subfield>
      <subfield code="p">05-45482</subfield>
      <subfield code="i">05-45482</subfield>
      <subfield code="g">80</subfield>
      <subfield code="o">821.134.2(82)(092)</subfield>
      <subfield code="e">Don. Celada, Amelia</subfield>
      <subfield code="8">CG</subfield>
    </datafield>
  </record>