
  <record>
    <leader>01000aam  22002601a 4500</leader>
    <controlfield tag="001">YPZ98145</controlfield>
    <controlfield tag="003">YPZ</controlfield>
    <controlfield tag="005">201309100840480</controlfield>
    <controlfield tag="008">130910|###########||||||b||||||||||spa|d</controlfield>
    <datafield tag="040" ind1=" " ind2=" ">
      <subfield code="c">SIUNPA</subfield>
    </datafield>
    <datafield tag="041" ind1=" " ind2=" ">
      <subfield code="a">spa</subfield>
    </datafield>
    <datafield tag="044" ind1=" " ind2=" ">
      <subfield code="a">AR</subfield>
    </datafield>
    <datafield tag="080" ind1=" " ind2=" ">
      <subfield code="a">639.2.05 F483c</subfield>
    </datafield>
    <datafield tag="100" ind1=" " ind2=" ">
      <subfield code="a">Filippo, Pablo F..</subfield>
    </datafield>
    <datafield tag="700" ind1=" " ind2=" ">
      <subfield code="a">González, Raúl A..</subfield>
    </datafield>
    <datafield tag="700" ind1=" " ind2=" ">
      <subfield code="a">Caille, Guillermo M..</subfield>
    </datafield>
    <datafield tag="245" ind1=" " ind2=" ">
      <subfield code="a">Los códigos de buenas prácticas pesqueras</subfield>
      <subfield code="b"> : antecedentes, objetivos y lineamientos para la zona costera patagónica argentina</subfield>
      <subfield code="c"> / Brunella, Martín, fot.</subfield>
    </datafield>
    <datafield tag="260" ind1=" " ind2=" ">
      <subfield code="a">Puerto Madryn</subfield>
      <subfield code="b"> : Fundación Patagonia Natural</subfield>
      <subfield code="b"> : Instituto de Biología Marina y Pesquera Almirante Storni</subfield>
      <subfield code="b"> : Global Environment Facility, GEF</subfield>
      <subfield code="b"> : PNUD</subfield>
      <subfield code="c"> , 2007</subfield>
    </datafield>
    <datafield tag="500" ind1=" " ind2=" ">
      <subfield code="a">Proyecto ARG/02/G31 (FMAM-PNUD-MRECLyC). Consolidación e Implementación del Plan de Manejo de la Zona Costera Patagónica para la Conservación de la Biodiversidad</subfield>
    </datafield>
    <datafield tag="650" ind1=" " ind2=" ">
      <subfield code="a"> PESCA MARINA</subfield>
    </datafield>
    <datafield tag="650" ind1=" " ind2=" ">
      <subfield code="a"> RECURSOS PESQUEROS </subfield>
    </datafield>
    <datafield tag="650" ind1=" " ind2=" ">
      <subfield code="a"> REGIONES COSTERAS</subfield>
    </datafield>
    <datafield tag="650" ind1=" " ind2=" ">
      <subfield code="a"> ZONAS DE PESCA </subfield>
    </datafield>
    <datafield tag="650" ind1=" " ind2=" ">
      <subfield code="a"> REGION PATAGONICA</subfield>
    </datafield>
    <datafield tag="942" ind1=" " ind2=" ">
      <subfield code="c">BK</subfield>
    </datafield>
    <datafield tag="952" ind1=" " ind2=" ">
      <subfield code="a">BIB_RECT</subfield>
      <subfield code="b">BIB_UARG</subfield>
      <subfield code="d">2013-09-10</subfield>
      <subfield code="y">BK</subfield>
      <subfield code="p">05-45513</subfield>
      <subfield code="i">05-45513</subfield>
      <subfield code="g">58</subfield>
      <subfield code="o">639.2.05 F483c</subfield>
      <subfield code="e">Acuerdo 879</subfield>
      <subfield code="8">CG</subfield>
    </datafield>
    <datafield tag="952" ind1=" " ind2=" ">
      <subfield code="a">BIB_RECT</subfield>
      <subfield code="b">BIB_UARG</subfield>
      <subfield code="d">2013-09-10</subfield>
      <subfield code="y">BK</subfield>
      <subfield code="p">05-45514</subfield>
      <subfield code="i">05-45514</subfield>
      <subfield code="g">58</subfield>
      <subfield code="o">639.2.05 F483c</subfield>
      <subfield code="e">Acuerdo 879</subfield>
      <subfield code="8">CG</subfield>
    </datafield>
    <datafield tag="952" ind1=" " ind2=" ">
      <subfield code="a">BIB_RECT</subfield>
      <subfield code="b">BIB_UARG</subfield>
      <subfield code="d">2013-09-10</subfield>
      <subfield code="y">BK</subfield>
      <subfield code="p">05-45515</subfield>
      <subfield code="i">05-45515</subfield>
      <subfield code="g">58</subfield>
      <subfield code="o">639.2.05 F483c</subfield>
      <subfield code="e">Acuerdo 879</subfield>
      <subfield code="8">CG</subfield>
    </datafield>
  </record>