
  <record>
    <leader>01000aam  22002601a 4500</leader>
    <controlfield tag="001">YPZ98148</controlfield>
    <controlfield tag="003">YPZ</controlfield>
    <controlfield tag="005">201309101121320</controlfield>
    <controlfield tag="008">130910|###########||||||b||||||||||spa|d</controlfield>
    <datafield tag="020" ind1=" " ind2=" ">
      <subfield code="a">9789503406960 (v.2)</subfield>
    </datafield>
    <datafield tag="040" ind1=" " ind2=" ">
      <subfield code="c">SIUNPA</subfield>
    </datafield>
    <datafield tag="041" ind1=" " ind2=" ">
      <subfield code="a">spa</subfield>
    </datafield>
    <datafield tag="044" ind1=" " ind2=" ">
      <subfield code="a">AR</subfield>
    </datafield>
    <datafield tag="080" ind1=" " ind2=" ">
      <subfield code="a">82-92 G752g</subfield>
    </datafield>
    <datafield tag="245" ind1=" " ind2=" ">
      <subfield code="a">Grandes periodistas - grandes escritores</subfield>
      <subfield code="c"> / Belinche, Marcelo, ed. ; Viñas, Rossana, coord. de investigación, rev. de textos ; Díaz, Cynthia B., rev. de textos ;  Lucca, Celeste, rev. de textos ; Mendoza Zelis, Pilar, rev. de textos</subfield>
    </datafield>
    <datafield tag="250" ind1=" " ind2=" ">
      <subfield code="a">1a ed.</subfield>
    </datafield>
    <datafield tag="260" ind1=" " ind2=" ">
      <subfield code="a">La Plata</subfield>
      <subfield code="b"> : Universidad Nacional de La Plata</subfield>
      <subfield code="b"> : EPC, Ediciones de Periodismo y Comunicación</subfield>
      <subfield code="b"> : CILE, Centro de Investigación en en Lectura y Escritura</subfield>
      <subfield code="c"> , 2010-</subfield>
    </datafield>
    <datafield tag="500" ind1=" " ind2=" ">
      <subfield code="a">La biblioteca posee v.2</subfield>
    </datafield>
    <datafield tag="650" ind1=" " ind2=" ">
      <subfield code="a"> ESTUDIOS LITERARIOS  LITERATURA PERIODISTICA</subfield>
    </datafield>
    <datafield tag="650" ind1=" " ind2=" ">
      <subfield code="a"> ESCRITORES </subfield>
    </datafield>
    <datafield tag="650" ind1=" " ind2=" ">
      <subfield code="a"> PERIODISMO</subfield>
    </datafield>
    <datafield tag="650" ind1=" " ind2=" ">
      <subfield code="a"> CRITICA LITERARIA</subfield>
    </datafield>
    <datafield tag="942" ind1=" " ind2=" ">
      <subfield code="c">BK</subfield>
    </datafield>
    <datafield tag="952" ind1=" " ind2=" ">
      <subfield code="a">BIB_RECT</subfield>
      <subfield code="b">BIB_UARG</subfield>
      <subfield code="d">2013-09-10</subfield>
      <subfield code="y">BK</subfield>
      <subfield code="p">05-45510</subfield>
      <subfield code="i">05-45510</subfield>
      <subfield code="g">98</subfield>
      <subfield code="o">82-92 G752g</subfield>
      <subfield code="e">Acuerdo 877</subfield>
      <subfield code="8">CG</subfield>
    </datafield>
  </record>