
  <record>
    <leader>01000aam  22002601a 4500</leader>
    <controlfield tag="001">YPZ98152</controlfield>
    <controlfield tag="003">YPZ</controlfield>
    <controlfield tag="005">201309101355510</controlfield>
    <controlfield tag="008">130910|###########||||||b||||||||||spa|d</controlfield>
    <datafield tag="020" ind1=" " ind2=" ">
      <subfield code="a">9503402993X</subfield>
    </datafield>
    <datafield tag="040" ind1=" " ind2=" ">
      <subfield code="c">SIUNPA</subfield>
    </datafield>
    <datafield tag="041" ind1=" " ind2=" ">
      <subfield code="a">spa</subfield>
    </datafield>
    <datafield tag="044" ind1=" " ind2=" ">
      <subfield code="a">AR</subfield>
    </datafield>
    <datafield tag="080" ind1=" " ind2=" ">
      <subfield code="a">316.77(82) B431m3</subfield>
    </datafield>
    <datafield tag="100" ind1=" " ind2=" ">
      <subfield code="a">elinche, Marcelo.</subfield>
    </datafield>
    <datafield tag="700" ind1=" " ind2=" ">
      <subfield code="a">Vialey, Patricia.</subfield>
    </datafield>
    <datafield tag="700" ind1=" " ind2=" ">
      <subfield code="a">Castro, Jorge.</subfield>
    </datafield>
    <datafield tag="245" ind1=" " ind2=" ">
      <subfield code="a">Medios, política y poder</subfield>
      <subfield code="b"> : la confirmación de los multimedios en la Argentina de los 90</subfield>
      <subfield code="c"> / Belinche, Marcelo, ed.</subfield>
    </datafield>
    <datafield tag="260" ind1=" " ind2=" ">
      <subfield code="a">La Plata</subfield>
      <subfield code="b"> : Facultad de Periodismo y Comunicación Social, Universidad Nacional de La Plata</subfield>
      <subfield code="c"> , 2004</subfield>
    </datafield>
    <datafield tag="300" ind1=" " ind2=" ">
      <subfield code="a">3 v. : </subfield>
      <subfield code="a">xiv, 113 p. : </subfield>
      <subfield code="a">395 p. : </subfield>
      <subfield code="b">il ; </subfield>
      <subfield code="a">v. : </subfield>
      <subfield code="b">il. ; </subfield>
      <subfield code="a">133 p. : </subfield>
      <subfield code="b">il. ; </subfield>
      <subfield code="a">xvi, 743 p. : </subfield>
      <subfield code="b">il. ; </subfield>
      <subfield code="a">xxiv, 841 p. : </subfield>
      <subfield code="b">il. ; </subfield>
      <subfield code="a">301 p. : </subfield>
      <subfield code="b">il. ; </subfield>
      <subfield code="a">201 p. : </subfield>
      <subfield code="b">il. ; </subfield>
      <subfield code="a">222 p. : </subfield>
      <subfield code="b">il. ; </subfield>
      <subfield code="a">xix, 705 p. : </subfield>
      <subfield code="b">il. ; </subfield>
      <subfield code="a">xxiv, 980 p. : </subfield>
      <subfield code="b">il. ; </subfield>
      <subfield code="a">441 p. : </subfield>
      <subfield code="b">il. ; </subfield>
      <subfield code="a">619 p. : </subfield>
      <subfield code="b">il. ; </subfield>
      <subfield code="a">257 p. : </subfield>
      <subfield code="b">il. ; </subfield>
      <subfield code="a">320 p. : </subfield>
      <subfield code="b">il. ; </subfield>
      <subfield code="a">171 p. : </subfield>
      <subfield code="a">168 p. : </subfield>
      <subfield code="a">166 p. : </subfield>
      <subfield code="a">69 p. : </subfield>
      <subfield code="a">218 p. : </subfield>
      <subfield code="b">il. ; </subfield>
      <subfield code="a">77 p. : </subfield>
      <subfield code="a">256 p. : </subfield>
      <subfield code="a">203 p. : </subfield>
      <subfield code="b">il. ; </subfield>
      <subfield code="a">3 v. : </subfield>
      <subfield code="b">il. ; </subfield>
      <subfield code="a">223 p. : </subfield>
      <subfield code="a">[42] h. : </subfield>
      <subfield code="b">il. ; </subfield>
      <subfield code="a">88 p. : </subfield>
      <subfield code="b">il. ; </subfield>
      <subfield code="a">55 p. : </subfield>
      <subfield code="a">101 p. : </subfield>
      <subfield code="a">141 p. : </subfield>
      <subfield code="b">il. ; </subfield>
      <subfield code="a">67 p. : </subfield>
      <subfield code="a">287 p. : </subfield>
      <subfield code="b">il. ; </subfield>
      <subfield code="a">v. : </subfield>
      <subfield code="b">il. ; </subfield>
      <subfield code="a">144 p. : </subfield>
      <subfield code="a">366 p. : </subfield>
      <subfield code="b">il. ; </subfield>
      <subfield code="a">63 p. : </subfield>
      <subfield code="a">121 p. : </subfield>
      <subfield code="a">93 p. : </subfield>
      <subfield code="a">214 p. : </subfield>
      <subfield code="a">112 p. : </subfield>
      <subfield code="a">125 p. : </subfield>
      <subfield code="b">il. ; </subfield>
      <subfield code="a">51 p. : </subfield>
      <subfield code="b">il. ; </subfield>
      <subfield code="a">337 p. : </subfield>
      <subfield code="b">il. ; </subfield>
      <subfield code="a">v. : </subfield>
      <subfield code="a">278 p. : </subfield>
      <subfield code="b">il. ; </subfield>
      <subfield code="a">210 p. : </subfield>
      <subfield code="a">246 p. : </subfield>
      <subfield code="a">121 p. : </subfield>
      <subfield code="b">il. ; </subfield>
      <subfield code="e">1 h. pleg. de láms.</subfield>
    </datafield>
    <datafield tag="440" ind1=" " ind2=" ">
      <subfield code="a">Ediciones de periodismo y comunicación</subfield>
      <subfield code="v">27</subfield>
    </datafield>
    <datafield tag="490" ind1=" " ind2=" ">
      <subfield code="a">Ediciones de periodismo y comunicación</subfield>
      <subfield code="v">27</subfield>
    </datafield>
    <datafield tag="650" ind1=" " ind2=" ">
      <subfield code="a"> MEDIOS DE COMUNICACION</subfield>
    </datafield>
    <datafield tag="650" ind1=" " ind2=" ">
      <subfield code="a"> SOCIOLOGIA DE LA COMUNICACION</subfield>
    </datafield>
    <datafield tag="650" ind1=" " ind2=" ">
      <subfield code="a"> ARGENTINA</subfield>
    </datafield>
    <datafield tag="942" ind1=" " ind2=" ">
      <subfield code="c">BK</subfield>
    </datafield>
    <datafield tag="952" ind1=" " ind2=" ">
      <subfield code="a">BIB_RECT</subfield>
      <subfield code="b">BIB_UARG</subfield>
      <subfield code="d">2013-09-10</subfield>
      <subfield code="y">BK</subfield>
      <subfield code="p">05-45504</subfield>
      <subfield code="i">05-45504</subfield>
      <subfield code="g">98</subfield>
      <subfield code="o">316.77(82) B431m3</subfield>
      <subfield code="e">Acuerdo 877</subfield>
      <subfield code="8">CG</subfield>
    </datafield>
  </record>