
  <record>
    <leader>01000aam  22002601a 4500</leader>
    <controlfield tag="001">YPZ98153</controlfield>
    <controlfield tag="003">YPZ</controlfield>
    <controlfield tag="005">201309111009530</controlfield>
    <controlfield tag="008">130911|###########||||||b||||||||||spa|d</controlfield>
    <datafield tag="020" ind1=" " ind2=" ">
      <subfield code="a">9789503405307</subfield>
    </datafield>
    <datafield tag="040" ind1=" " ind2=" ">
      <subfield code="c">SIUNPA</subfield>
    </datafield>
    <datafield tag="041" ind1=" " ind2=" ">
      <subfield code="a">spa</subfield>
    </datafield>
    <datafield tag="044" ind1=" " ind2=" ">
      <subfield code="a">AR</subfield>
    </datafield>
    <datafield tag="080" ind1=" " ind2=" ">
      <subfield code="a">316.77 G165t</subfield>
    </datafield>
    <datafield tag="245" ind1=" " ind2=" ">
      <subfield code="a">Televisión y control</subfield>
      <subfield code="b"> : la regulación de contenidos programáticos en distintos países del mundo</subfield>
      <subfield code="c"> / García Cejas, María Sol</subfield>
    </datafield>
    <datafield tag="260" ind1=" " ind2=" ">
      <subfield code="a">La Plata</subfield>
      <subfield code="b"> : Facultad de Periodismo y Comunicación Social, Universidad Nacional de La Plata</subfield>
      <subfield code="c"> , 2009</subfield>
    </datafield>
    <datafield tag="440" ind1=" " ind2=" ">
      <subfield code="a">Ediciones de periodismo y comunicación</subfield>
      <subfield code="v">44</subfield>
    </datafield>
    <datafield tag="490" ind1=" " ind2=" ">
      <subfield code="a">Ediciones de periodismo y comunicación</subfield>
      <subfield code="v">44</subfield>
    </datafield>
    <datafield tag="650" ind1=" " ind2=" ">
      <subfield code="a"> TELEVISION</subfield>
    </datafield>
    <datafield tag="650" ind1=" " ind2=" ">
      <subfield code="a"> PROGRAMACION TELEVISIVA</subfield>
    </datafield>
    <datafield tag="942" ind1=" " ind2=" ">
      <subfield code="c">BK</subfield>
    </datafield>
    <datafield tag="952" ind1=" " ind2=" ">
      <subfield code="a">BIB_RECT</subfield>
      <subfield code="b">BIB_UARG</subfield>
      <subfield code="d">2013-09-11</subfield>
      <subfield code="y">BK</subfield>
      <subfield code="p">05-45505</subfield>
      <subfield code="i">05-45505</subfield>
      <subfield code="g">89</subfield>
      <subfield code="o">316.77 G165t</subfield>
      <subfield code="e">Acuerdo 877</subfield>
      <subfield code="8">CG</subfield>
    </datafield>
  </record>