
  <record>
    <leader>01000aam  22002601a 4500</leader>
    <controlfield tag="001">YPZ98154</controlfield>
    <controlfield tag="003">YPZ</controlfield>
    <controlfield tag="005">201309111030070</controlfield>
    <controlfield tag="008">130911|###########||||||b||||||||||spa|d</controlfield>
    <datafield tag="020" ind1=" " ind2=" ">
      <subfield code="a">9879495616</subfield>
    </datafield>
    <datafield tag="040" ind1=" " ind2=" ">
      <subfield code="c">SIUNPA</subfield>
    </datafield>
    <datafield tag="041" ind1=" " ind2=" ">
      <subfield code="a">spa</subfield>
    </datafield>
    <datafield tag="044" ind1=" " ind2=" ">
      <subfield code="a">AR</subfield>
    </datafield>
    <datafield tag="080" ind1=" " ind2=" ">
      <subfield code="a">654.19 D562r</subfield>
    </datafield>
    <datafield tag="100" ind1=" " ind2=" ">
      <subfield code="a">Dido, Juan Carlos.</subfield>
    </datafield>
    <datafield tag="700" ind1=" " ind2=" ">
      <subfield code="a">Barberis, Sergio.</subfield>
    </datafield>
    <datafield tag="245" ind1=" " ind2=" ">
      <subfield code="a">Radios universitarias</subfield>
      <subfield code="b"> : principios, funciones, objetivos</subfield>
    </datafield>
    <datafield tag="260" ind1=" " ind2=" ">
      <subfield code="a">San Justo, Buenos Aires</subfield>
      <subfield code="b"> : Universidad Nacional de la Matanza</subfield>
      <subfield code="c"> , 2006</subfield>
    </datafield>
    <datafield tag="650" ind1=" " ind2=" ">
      <subfield code="a"> RADIOS UNIVERSITARIAS</subfield>
    </datafield>
    <datafield tag="650" ind1=" " ind2=" ">
      <subfield code="a"> ARGENTINA</subfield>
    </datafield>
    <datafield tag="942" ind1=" " ind2=" ">
      <subfield code="c">BK</subfield>
    </datafield>
    <datafield tag="952" ind1=" " ind2=" ">
      <subfield code="a">BIB_RECT</subfield>
      <subfield code="b">BIB_UARG</subfield>
      <subfield code="d">2013-09-11</subfield>
      <subfield code="y">BK</subfield>
      <subfield code="p">05-45501</subfield>
      <subfield code="i">05-45501</subfield>
      <subfield code="g">98</subfield>
      <subfield code="o">654.19 D562r</subfield>
      <subfield code="e">Acuerdo 880</subfield>
      <subfield code="8">CG</subfield>
    </datafield>
  </record>