
  <record>
    <leader>01000aam  22002601a 4500</leader>
    <controlfield tag="001">YPZ98167</controlfield>
    <controlfield tag="003">YPZ</controlfield>
    <controlfield tag="005">201309131053200</controlfield>
    <controlfield tag="008">130913|###########||||||b||||||||||spa|d</controlfield>
    <datafield tag="020" ind1=" " ind2=" ">
      <subfield code="a">9879191811</subfield>
    </datafield>
    <datafield tag="040" ind1=" " ind2=" ">
      <subfield code="c">SIUNPA</subfield>
    </datafield>
    <datafield tag="041" ind1=" " ind2=" ">
      <subfield code="a">spa</subfield>
    </datafield>
    <datafield tag="044" ind1=" " ind2=" ">
      <subfield code="a">AR</subfield>
    </datafield>
    <datafield tag="080" ind1=" " ind2=" ">
      <subfield code="a">372.834.27 C967a2</subfield>
    </datafield>
    <datafield tag="100" ind1=" " ind2=" ">
      <subfield code="a">Cullen, Carlos A..</subfield>
    </datafield>
    <datafield tag="245" ind1=" " ind2=" ">
      <subfield code="a">Autonomía moral, participación democrática y cuidado del otro</subfield>
    </datafield>
    <datafield tag="250" ind1=" " ind2=" ">
      <subfield code="a">2a ed.</subfield>
    </datafield>
    <datafield tag="260" ind1=" " ind2=" ">
      <subfield code="a">Buenos Aires</subfield>
      <subfield code="b"> : Novedades Educativas</subfield>
      <subfield code="c"> , 1999</subfield>
    </datafield>
    <datafield tag="650" ind1=" " ind2=" ">
      <subfield code="a"> FORMACION ETICA Y CIUDADANA</subfield>
    </datafield>
    <datafield tag="650" ind1=" " ind2=" ">
      <subfield code="a"> PAPEL DEL CIUDADANO</subfield>
    </datafield>
    <datafield tag="650" ind1=" " ind2=" ">
      <subfield code="a"> MORAL</subfield>
    </datafield>
    <datafield tag="650" ind1=" " ind2=" ">
      <subfield code="a"> ENSEÑANZA DE VALORES</subfield>
    </datafield>
    <datafield tag="942" ind1=" " ind2=" ">
      <subfield code="c">BK</subfield>
    </datafield>
    <datafield tag="952" ind1=" " ind2=" ">
      <subfield code="a">BIB_RECT</subfield>
      <subfield code="b">BIB_UART</subfield>
      <subfield code="d">2013-09-13</subfield>
      <subfield code="y">BK</subfield>
      <subfield code="p">03-01933</subfield>
      <subfield code="i">03-01933</subfield>
      <subfield code="g">10.5</subfield>
      <subfield code="o">372.834.27 C967a2</subfield>
      <subfield code="e">REEMPLAZO FOMEC O/C 40/99</subfield>
      <subfield code="8">CG</subfield>
    </datafield>
    <datafield tag="952" ind1=" " ind2=" ">
      <subfield code="a">BIB_RECT</subfield>
      <subfield code="b">BIB_UART</subfield>
      <subfield code="d">2013-09-13</subfield>
      <subfield code="y">BK</subfield>
      <subfield code="p">03-01934</subfield>
      <subfield code="i">03-01934</subfield>
      <subfield code="g">10.5</subfield>
      <subfield code="o">372.834.27 C967a2</subfield>
      <subfield code="e">REEMPLAZO FOMEC O/C 40/99</subfield>
      <subfield code="8">CG</subfield>
    </datafield>
    <datafield tag="952" ind1=" " ind2=" ">
      <subfield code="a">BIB_RECT</subfield>
      <subfield code="b">BIB_UART</subfield>
      <subfield code="d">2013-09-13</subfield>
      <subfield code="y">BK</subfield>
      <subfield code="p">03-01980</subfield>
      <subfield code="i">03-01980</subfield>
      <subfield code="g">10.5</subfield>
      <subfield code="o">372.834.27 C967a2</subfield>
      <subfield code="e">REEMPLAZO FOMEC O/C 40/99</subfield>
      <subfield code="8">CG</subfield>
    </datafield>
  </record>