
  <record>
    <leader>01000aam  22002601a 4500</leader>
    <controlfield tag="001">YPZ98169</controlfield>
    <controlfield tag="003">YPZ</controlfield>
    <controlfield tag="005">201309131241150</controlfield>
    <controlfield tag="008">130913|###########||||||b||||||||||spa|d</controlfield>
    <datafield tag="020" ind1=" " ind2=" ">
      <subfield code="a">9789871242795</subfield>
    </datafield>
    <datafield tag="040" ind1=" " ind2=" ">
      <subfield code="c">SIUNPA</subfield>
    </datafield>
    <datafield tag="041" ind1=" " ind2=" ">
      <subfield code="a">spa</subfield>
    </datafield>
    <datafield tag="044" ind1=" " ind2=" ">
      <subfield code="a">AR</subfield>
    </datafield>
    <datafield tag="080" ind1=" " ind2=" ">
      <subfield code="a">614.2 S181sa</subfield>
    </datafield>
    <datafield tag="100" ind1=" " ind2=" ">
      <subfield code="a">Pino, Mirta del.</subfield>
    </datafield>
    <datafield tag="700" ind1=" " ind2=" ">
      <subfield code="a">Calderón, Estela.</subfield>
    </datafield>
    <datafield tag="700" ind1=" " ind2=" ">
      <subfield code="a">Bustamante, Herna.</subfield>
    </datafield>
    <datafield tag="700" ind1=" " ind2=" ">
      <subfield code="a">Ojeda, Sara.</subfield>
    </datafield>
    <datafield tag="245" ind1=" " ind2=" ">
      <subfield code="a">La salud de los trabajadores de la salud</subfield>
    </datafield>
    <datafield tag="250" ind1=" " ind2=" ">
      <subfield code="a">1a ed.</subfield>
    </datafield>
    <datafield tag="260" ind1=" " ind2=" ">
      <subfield code="a">Río Gallegos</subfield>
      <subfield code="b"> : Universidad Nacional de la Patagonia Austral, UNPAedita</subfield>
      <subfield code="c"> , 2013</subfield>
    </datafield>
    <datafield tag="650" ind1=" " ind2=" ">
      <subfield code="a"> SALUD LABORAL  ORGANIZACION DE LA SALUD</subfield>
    </datafield>
    <datafield tag="650" ind1=" " ind2=" ">
      <subfield code="a"> CONDICIONES DE TRABAJO </subfield>
    </datafield>
    <datafield tag="650" ind1=" " ind2=" ">
      <subfield code="a"> RELACIONES LABORALES</subfield>
    </datafield>
    <datafield tag="650" ind1=" " ind2=" ">
      <subfield code="a"> SEGURIDAD DEL TRABAJO</subfield>
    </datafield>
    <datafield tag="650" ind1=" " ind2=" ">
      <subfield code="a"> RIO GALLEGOS (SANTA CRUZ)</subfield>
    </datafield>
    <datafield tag="942" ind1=" " ind2=" ">
      <subfield code="c">BK</subfield>
    </datafield>
    <datafield tag="952" ind1=" " ind2=" ">
      <subfield code="a">BIB_RECT</subfield>
      <subfield code="b">BIB_UACO</subfield>
      <subfield code="d">2013-09-13</subfield>
      <subfield code="y">BK</subfield>
      <subfield code="p">02-45538</subfield>
      <subfield code="i">02-45538</subfield>
      <subfield code="g">60</subfield>
      <subfield code="o">614.2 S181sa</subfield>
      <subfield code="e">Secretaría de Extensión</subfield>
      <subfield code="8">CG</subfield>
    </datafield>
    <datafield tag="952" ind1=" " ind2=" ">
      <subfield code="a">BIB_RECT</subfield>
      <subfield code="b">BIB_UACO</subfield>
      <subfield code="d">2013-09-13</subfield>
      <subfield code="y">BK</subfield>
      <subfield code="p">02-45539</subfield>
      <subfield code="i">02-45539</subfield>
      <subfield code="g">60</subfield>
      <subfield code="o">614.2 S181sa</subfield>
      <subfield code="e">Secretaría de Extensión</subfield>
      <subfield code="8">CG</subfield>
    </datafield>
    <datafield tag="952" ind1=" " ind2=" ">
      <subfield code="a">BIB_RECT</subfield>
      <subfield code="b">BIB_UACO</subfield>
      <subfield code="d">2013-09-13</subfield>
      <subfield code="y">BK</subfield>
      <subfield code="p">02-45540</subfield>
      <subfield code="i">02-45540</subfield>
      <subfield code="g">60</subfield>
      <subfield code="o">614.2 S181sa</subfield>
      <subfield code="e">Secretaría de Extensión</subfield>
      <subfield code="8">CG</subfield>
    </datafield>
    <datafield tag="952" ind1=" " ind2=" ">
      <subfield code="a">BIB_RECT</subfield>
      <subfield code="b">BIB_UART</subfield>
      <subfield code="d">2013-09-13</subfield>
      <subfield code="y">BK</subfield>
      <subfield code="p">03-45541</subfield>
      <subfield code="i">03-45541</subfield>
      <subfield code="g">60</subfield>
      <subfield code="o">614.2 S181sa</subfield>
      <subfield code="e">Secretaría de Extensión</subfield>
      <subfield code="8">CG</subfield>
    </datafield>
    <datafield tag="952" ind1=" " ind2=" ">
      <subfield code="a">BIB_RECT</subfield>
      <subfield code="b">BIB_UART</subfield>
      <subfield code="d">2013-09-13</subfield>
      <subfield code="y">BK</subfield>
      <subfield code="p">03-45542</subfield>
      <subfield code="i">03-45542</subfield>
      <subfield code="g">60</subfield>
      <subfield code="o">614.2 S181sa</subfield>
      <subfield code="e">Secretaría de Extensión</subfield>
      <subfield code="8">CG</subfield>
    </datafield>
    <datafield tag="952" ind1=" " ind2=" ">
      <subfield code="a">BIB_RECT</subfield>
      <subfield code="b">BIB_UART</subfield>
      <subfield code="d">2013-09-13</subfield>
      <subfield code="y">BK</subfield>
      <subfield code="p">03-45543</subfield>
      <subfield code="i">03-45543</subfield>
      <subfield code="g">60</subfield>
      <subfield code="o">614.2 S181sa</subfield>
      <subfield code="e">Secretaría de Extensión</subfield>
      <subfield code="8">CG</subfield>
    </datafield>
    <datafield tag="952" ind1=" " ind2=" ">
      <subfield code="a">BIB_RECT</subfield>
      <subfield code="b">BIB_UASJ</subfield>
      <subfield code="d">2013-09-13</subfield>
      <subfield code="y">BK</subfield>
      <subfield code="p">04-45546</subfield>
      <subfield code="i">04-45546</subfield>
      <subfield code="g">60</subfield>
      <subfield code="o">614.2 S181sa</subfield>
      <subfield code="e">Secretaría de Extensión</subfield>
      <subfield code="8">CG</subfield>
    </datafield>
    <datafield tag="952" ind1=" " ind2=" ">
      <subfield code="a">BIB_RECT</subfield>
      <subfield code="b">BIB_UASJ</subfield>
      <subfield code="d">2013-09-13</subfield>
      <subfield code="y">BK</subfield>
      <subfield code="p">04-45547</subfield>
      <subfield code="i">04-45547</subfield>
      <subfield code="g">60</subfield>
      <subfield code="o">614.2 S181sa</subfield>
      <subfield code="e">Secretaría de Extensión</subfield>
      <subfield code="8">CG</subfield>
    </datafield>
    <datafield tag="952" ind1=" " ind2=" ">
      <subfield code="a">BIB_RECT</subfield>
      <subfield code="b">BIB_UARG</subfield>
      <subfield code="d">2013-09-13</subfield>
      <subfield code="y">BK</subfield>
      <subfield code="p">05-45550</subfield>
      <subfield code="i">05-45550</subfield>
      <subfield code="g">60</subfield>
      <subfield code="o">614.2 S181sa</subfield>
      <subfield code="e">Secretaría de Extensión</subfield>
      <subfield code="8">CG</subfield>
    </datafield>
    <datafield tag="952" ind1=" " ind2=" ">
      <subfield code="a">BIB_RECT</subfield>
      <subfield code="b">BIB_UARG</subfield>
      <subfield code="d">2013-09-13</subfield>
      <subfield code="y">BK</subfield>
      <subfield code="p">05-45551</subfield>
      <subfield code="i">05-45551</subfield>
      <subfield code="g">60</subfield>
      <subfield code="o">614.2 S181sa</subfield>
      <subfield code="e">Secretaría de Extensión</subfield>
      <subfield code="8">CG</subfield>
    </datafield>
    <datafield tag="952" ind1=" " ind2=" ">
      <subfield code="a">BIB_RECT</subfield>
      <subfield code="b">BIB_UARG</subfield>
      <subfield code="d">2013-09-13</subfield>
      <subfield code="y">BK</subfield>
      <subfield code="p">05-45552</subfield>
      <subfield code="i">05-45552</subfield>
      <subfield code="g">60</subfield>
      <subfield code="o">614.2 S181sa</subfield>
      <subfield code="e">Secretaría de Extensión</subfield>
      <subfield code="8">CG</subfield>
    </datafield>
    <datafield tag="952" ind1=" " ind2=" ">
      <subfield code="a">BIB_RECT</subfield>
      <subfield code="b">SAT_TRUN</subfield>
      <subfield code="d">2013-09-13</subfield>
      <subfield code="y">BK</subfield>
      <subfield code="p">10-45570</subfield>
      <subfield code="i">10-45570</subfield>
      <subfield code="g">60</subfield>
      <subfield code="o">614.2 S181sa</subfield>
      <subfield code="e">Secretaría de Extensión</subfield>
      <subfield code="8">CG</subfield>
    </datafield>
    <datafield tag="952" ind1=" " ind2=" ">
      <subfield code="a">BIB_RECT</subfield>
      <subfield code="b">SAT_PBNA</subfield>
      <subfield code="d">2013-09-13</subfield>
      <subfield code="y">BK</subfield>
      <subfield code="p">11-45567</subfield>
      <subfield code="i">11-45567</subfield>
      <subfield code="g">60</subfield>
      <subfield code="o">614.2 S181sa</subfield>
      <subfield code="e">Secretaría de Extensión</subfield>
      <subfield code="8">CG</subfield>
    </datafield>
    <datafield tag="952" ind1=" " ind2=" ">
      <subfield code="a">BIB_RECT</subfield>
      <subfield code="b">SAT_CLFT</subfield>
      <subfield code="d">2013-09-13</subfield>
      <subfield code="y">BK</subfield>
      <subfield code="p">12-45566</subfield>
      <subfield code="i">12-45566</subfield>
      <subfield code="g">60</subfield>
      <subfield code="o">614.2 S181sa</subfield>
      <subfield code="e">Secretaría de Extensión</subfield>
      <subfield code="8">CG</subfield>
    </datafield>
    <datafield tag="952" ind1=" " ind2=" ">
      <subfield code="a">BIB_RECT</subfield>
      <subfield code="b">SAT_PMDN </subfield>
      <subfield code="d">2013-09-13</subfield>
      <subfield code="y">BK</subfield>
      <subfield code="p">15-45563</subfield>
      <subfield code="i">15-45563</subfield>
      <subfield code="g">60</subfield>
      <subfield code="o">614.2 S181sa</subfield>
      <subfield code="e">Secretaría de Extensión</subfield>
      <subfield code="8">CG</subfield>
    </datafield>
    <datafield tag="952" ind1=" " ind2=" ">
      <subfield code="a">BIB_RECT</subfield>
      <subfield code="b">SAT_PDES</subfield>
      <subfield code="d">2013-09-13</subfield>
      <subfield code="y">BK</subfield>
      <subfield code="p">16-45561</subfield>
      <subfield code="i">16-45561</subfield>
      <subfield code="g">60</subfield>
      <subfield code="o">614.2 S181sa</subfield>
      <subfield code="e">Secretaría de Extensión</subfield>
      <subfield code="8">CG</subfield>
    </datafield>
    <datafield tag="952" ind1=" " ind2=" ">
      <subfield code="a">BIB_RECT</subfield>
      <subfield code="b">SAT_RGRA</subfield>
      <subfield code="d">2013-09-13</subfield>
      <subfield code="y">BK</subfield>
      <subfield code="p">17-45559</subfield>
      <subfield code="i">17-45559</subfield>
      <subfield code="g">60</subfield>
      <subfield code="o">614.2 S181sa</subfield>
      <subfield code="e">Secretaría de Extensión</subfield>
      <subfield code="8">CG</subfield>
    </datafield>
    <datafield tag="952" ind1=" " ind2=" ">
      <subfield code="a">BIB_RECT</subfield>
      <subfield code="b">SAT_GREG</subfield>
      <subfield code="d">2013-09-13</subfield>
      <subfield code="y">BK</subfield>
      <subfield code="p">18-45557</subfield>
      <subfield code="i">18-45557</subfield>
      <subfield code="g">60</subfield>
      <subfield code="o">614.2 S181sa</subfield>
      <subfield code="e">Secretaría de Extensión</subfield>
      <subfield code="8">CG</subfield>
    </datafield>
    <datafield tag="952" ind1=" " ind2=" ">
      <subfield code="a">BIB_RECT</subfield>
      <subfield code="b">SAT_USHU</subfield>
      <subfield code="d">2013-09-13</subfield>
      <subfield code="y">BK</subfield>
      <subfield code="p">19-45571</subfield>
      <subfield code="i">19-45571</subfield>
      <subfield code="g">60</subfield>
      <subfield code="o">614.2 S181sa</subfield>
      <subfield code="e">Secretaría de Extensión</subfield>
      <subfield code="8">CG</subfield>
    </datafield>
  </record>