
  <record>
    <leader>01000aam  22002601a 4500</leader>
    <controlfield tag="001">YPZ98170</controlfield>
    <controlfield tag="003">YPZ</controlfield>
    <controlfield tag="005">201309131412390</controlfield>
    <controlfield tag="008">130913|###########||||||b||||||||||spa|d</controlfield>
    <datafield tag="020" ind1=" " ind2=" ">
      <subfield code="a">9789871242832</subfield>
    </datafield>
    <datafield tag="040" ind1=" " ind2=" ">
      <subfield code="c">SIUNPA</subfield>
    </datafield>
    <datafield tag="041" ind1=" " ind2=" ">
      <subfield code="a">spa</subfield>
    </datafield>
    <datafield tag="044" ind1=" " ind2=" ">
      <subfield code="a">AR</subfield>
    </datafield>
    <datafield tag="080" ind1=" " ind2=" ">
      <subfield code="a">271.789.1 P618s</subfield>
    </datafield>
    <datafield tag="100" ind1=" " ind2=" ">
      <subfield code="a">Pierini, María de los Milagros.</subfield>
    </datafield>
    <datafield tag="245" ind1=" " ind2=" ">
      <subfield code="a">Los Salesianos en Santa Cruz</subfield>
      <subfield code="b"> : una perspectivas para el análisis de las relaciones Iglesia-Estado. 1930-1955</subfield>
    </datafield>
    <datafield tag="250" ind1=" " ind2=" ">
      <subfield code="a">1a ed.</subfield>
    </datafield>
    <datafield tag="260" ind1=" " ind2=" ">
      <subfield code="a">Río Gallegos</subfield>
      <subfield code="b"> : Universidad Nacional de la Patagonia Austral, UNPAedita</subfield>
      <subfield code="c"> , 2013</subfield>
    </datafield>
    <datafield tag="650" ind1=" " ind2=" ">
      <subfield code="a"> HISTORIA DE LA EDUCACION</subfield>
    </datafield>
    <datafield tag="650" ind1=" " ind2=" ">
      <subfield code="a"> EDUCACION CRISTIANA </subfield>
    </datafield>
    <datafield tag="650" ind1=" " ind2=" ">
      <subfield code="a"> RELACIONES IGLESIA</subfield>
    </datafield>
    <datafield tag="650" ind1=" " ind2=" ">
      <subfield code="a">ESTADO</subfield>
    </datafield>
    <datafield tag="650" ind1=" " ind2=" ">
      <subfield code="a"> ESCUELAS PRIVADAS </subfield>
    </datafield>
    <datafield tag="650" ind1=" " ind2=" ">
      <subfield code="a"> SALESIANOS</subfield>
    </datafield>
    <datafield tag="650" ind1=" " ind2=" ">
      <subfield code="a"> SANTA CRUZ (ARGENTINA)</subfield>
    </datafield>
    <datafield tag="650" ind1=" " ind2=" ">
      <subfield code="a"> REGION PATAGONICA</subfield>
    </datafield>
    <datafield tag="942" ind1=" " ind2=" ">
      <subfield code="c">BK</subfield>
    </datafield>
    <datafield tag="952" ind1=" " ind2=" ">
      <subfield code="a">BIB_RECT</subfield>
      <subfield code="b">BIB_UACO</subfield>
      <subfield code="d">2013-09-13</subfield>
      <subfield code="y">BK</subfield>
      <subfield code="p">02-45536</subfield>
      <subfield code="i">02-45536</subfield>
      <subfield code="g">80</subfield>
      <subfield code="o">271.789.1 P618s</subfield>
      <subfield code="e">Secretaría de Extensión</subfield>
      <subfield code="8">CG</subfield>
    </datafield>
    <datafield tag="952" ind1=" " ind2=" ">
      <subfield code="a">BIB_RECT</subfield>
      <subfield code="b">BIB_UACO</subfield>
      <subfield code="d">2013-09-13</subfield>
      <subfield code="y">BK</subfield>
      <subfield code="p">02-45537</subfield>
      <subfield code="i">02-45537</subfield>
      <subfield code="g">80</subfield>
      <subfield code="o">271.789.1 P618s</subfield>
      <subfield code="e">Secretaría de Extensión</subfield>
      <subfield code="8">CG</subfield>
    </datafield>
    <datafield tag="952" ind1=" " ind2=" ">
      <subfield code="a">BIB_RECT</subfield>
      <subfield code="b">BIB_UART</subfield>
      <subfield code="d">2013-09-13</subfield>
      <subfield code="y">BK</subfield>
      <subfield code="p">03-45544</subfield>
      <subfield code="i">03-45544</subfield>
      <subfield code="g">80</subfield>
      <subfield code="o">271.789.1 P618s</subfield>
      <subfield code="e">Secretaría de Extensión</subfield>
      <subfield code="8">CG</subfield>
    </datafield>
    <datafield tag="952" ind1=" " ind2=" ">
      <subfield code="a">BIB_RECT</subfield>
      <subfield code="b">BIB_UART</subfield>
      <subfield code="d">2013-09-13</subfield>
      <subfield code="y">BK</subfield>
      <subfield code="p">03-45545</subfield>
      <subfield code="i">03-45545</subfield>
      <subfield code="g">80</subfield>
      <subfield code="o">271.789.1 P618s</subfield>
      <subfield code="e">Secretaría de Extensión</subfield>
      <subfield code="8">CG</subfield>
    </datafield>
    <datafield tag="952" ind1=" " ind2=" ">
      <subfield code="a">BIB_RECT</subfield>
      <subfield code="b">BIB_UASJ</subfield>
      <subfield code="d">2013-09-13</subfield>
      <subfield code="y">BK</subfield>
      <subfield code="p">04-45548</subfield>
      <subfield code="i">04-45548</subfield>
      <subfield code="g">80</subfield>
      <subfield code="o">271.789.1 P618s</subfield>
      <subfield code="e">Secretaría de Extensión</subfield>
      <subfield code="8">CG</subfield>
    </datafield>
    <datafield tag="952" ind1=" " ind2=" ">
      <subfield code="a">BIB_RECT</subfield>
      <subfield code="b">BIB_UASJ</subfield>
      <subfield code="d">2013-09-13</subfield>
      <subfield code="y">BK</subfield>
      <subfield code="p">04-45549</subfield>
      <subfield code="i">04-45549</subfield>
      <subfield code="g">80</subfield>
      <subfield code="o">271.789.1 P618s</subfield>
      <subfield code="e">Secretaría de Extensión</subfield>
      <subfield code="8">CG</subfield>
    </datafield>
    <datafield tag="952" ind1=" " ind2=" ">
      <subfield code="a">BIB_RECT</subfield>
      <subfield code="b">BIB_UARG</subfield>
      <subfield code="d">2013-09-13</subfield>
      <subfield code="y">BK</subfield>
      <subfield code="p">05-45553</subfield>
      <subfield code="i">05-45553</subfield>
      <subfield code="g">80</subfield>
      <subfield code="o">271.789.1 P618s</subfield>
      <subfield code="e">Secretaría de Extensión</subfield>
      <subfield code="8">CG</subfield>
    </datafield>
    <datafield tag="952" ind1=" " ind2=" ">
      <subfield code="a">BIB_RECT</subfield>
      <subfield code="b">BIB_UARG</subfield>
      <subfield code="d">2013-09-13</subfield>
      <subfield code="y">BK</subfield>
      <subfield code="p">05-45554</subfield>
      <subfield code="i">05-45554</subfield>
      <subfield code="g">80</subfield>
      <subfield code="o">271.789.1 P618s</subfield>
      <subfield code="e">Secretaría de Extensión</subfield>
      <subfield code="8">CG</subfield>
    </datafield>
    <datafield tag="952" ind1=" " ind2=" ">
      <subfield code="a">BIB_RECT</subfield>
      <subfield code="b">BIB_UARG</subfield>
      <subfield code="d">2013-09-13</subfield>
      <subfield code="y">BK</subfield>
      <subfield code="p">05-45555</subfield>
      <subfield code="i">05-45555</subfield>
      <subfield code="g">80</subfield>
      <subfield code="o">271.789.1 P618s</subfield>
      <subfield code="e">Secretaría de Extensión</subfield>
      <subfield code="8">CG</subfield>
    </datafield>
    <datafield tag="952" ind1=" " ind2=" ">
      <subfield code="a">BIB_RECT</subfield>
      <subfield code="b">BIB_UARG</subfield>
      <subfield code="d">2013-09-13</subfield>
      <subfield code="y">BK</subfield>
      <subfield code="p">05-45556</subfield>
      <subfield code="i">05-45556</subfield>
      <subfield code="g">80</subfield>
      <subfield code="o">271.789.1 P618s</subfield>
      <subfield code="e">Secretaría de Extensión</subfield>
      <subfield code="8">CG</subfield>
    </datafield>
    <datafield tag="952" ind1=" " ind2=" ">
      <subfield code="a">BIB_RECT</subfield>
      <subfield code="b">SAT_TRUN</subfield>
      <subfield code="d">2013-09-13</subfield>
      <subfield code="y">BK</subfield>
      <subfield code="p">10-45569</subfield>
      <subfield code="i">10-45569</subfield>
      <subfield code="g">80</subfield>
      <subfield code="o">271.789.1 P618s</subfield>
      <subfield code="e">Secretaría de Extensión</subfield>
      <subfield code="8">CG</subfield>
    </datafield>
    <datafield tag="952" ind1=" " ind2=" ">
      <subfield code="a">BIB_RECT</subfield>
      <subfield code="b">SAT_PBNA</subfield>
      <subfield code="d">2013-09-13</subfield>
      <subfield code="y">BK</subfield>
      <subfield code="p">11-45568</subfield>
      <subfield code="i">11-45568</subfield>
      <subfield code="g">80</subfield>
      <subfield code="o">271.789.1 P618s</subfield>
      <subfield code="e">Secretaría de Extensión</subfield>
      <subfield code="8">CG</subfield>
    </datafield>
    <datafield tag="952" ind1=" " ind2=" ">
      <subfield code="a">BIB_RECT</subfield>
      <subfield code="b">SAT_CLFT</subfield>
      <subfield code="d">2013-09-13</subfield>
      <subfield code="y">BK</subfield>
      <subfield code="p">12-45565</subfield>
      <subfield code="i">12-45565</subfield>
      <subfield code="g">80</subfield>
      <subfield code="o">271.789.1 P618s</subfield>
      <subfield code="e">Secretaría de Extensión</subfield>
      <subfield code="8">CG</subfield>
    </datafield>
    <datafield tag="952" ind1=" " ind2=" ">
      <subfield code="a">BIB_RECT</subfield>
      <subfield code="b">SAT_PMDN </subfield>
      <subfield code="d">2013-09-13</subfield>
      <subfield code="y">BK</subfield>
      <subfield code="p">15-45564</subfield>
      <subfield code="i">15-45564</subfield>
      <subfield code="g">80</subfield>
      <subfield code="o">271.789.1 P618s</subfield>
      <subfield code="e">Secretaría de Extensión</subfield>
      <subfield code="8">CG</subfield>
    </datafield>
    <datafield tag="952" ind1=" " ind2=" ">
      <subfield code="a">BIB_RECT</subfield>
      <subfield code="b">SAT_PDES</subfield>
      <subfield code="d">2013-09-13</subfield>
      <subfield code="y">BK</subfield>
      <subfield code="p">16-45562</subfield>
      <subfield code="i">16-45562</subfield>
      <subfield code="g">80</subfield>
      <subfield code="o">271.789.1 P618s</subfield>
      <subfield code="e">Secretaría de Extensión</subfield>
      <subfield code="8">CG</subfield>
    </datafield>
    <datafield tag="952" ind1=" " ind2=" ">
      <subfield code="a">BIB_RECT</subfield>
      <subfield code="b">SAT_RGRA</subfield>
      <subfield code="d">2013-09-13</subfield>
      <subfield code="y">BK</subfield>
      <subfield code="p">17-45560</subfield>
      <subfield code="i">17-45560</subfield>
      <subfield code="g">80</subfield>
      <subfield code="o">271.789.1 P618s</subfield>
      <subfield code="e">Secretaría de Extensión</subfield>
      <subfield code="8">CG</subfield>
    </datafield>
    <datafield tag="952" ind1=" " ind2=" ">
      <subfield code="a">BIB_RECT</subfield>
      <subfield code="b">SAT_GREG</subfield>
      <subfield code="d">2013-09-13</subfield>
      <subfield code="y">BK</subfield>
      <subfield code="p">18-45558</subfield>
      <subfield code="i">18-45558</subfield>
      <subfield code="g">80</subfield>
      <subfield code="o">271.789.1 P618s</subfield>
      <subfield code="e">Secretaría de Extensión</subfield>
      <subfield code="8">CG</subfield>
    </datafield>
    <datafield tag="952" ind1=" " ind2=" ">
      <subfield code="a">BIB_RECT</subfield>
      <subfield code="b">SAT_USHU</subfield>
      <subfield code="d">2013-09-13</subfield>
      <subfield code="y">BK</subfield>
      <subfield code="p">19-45572</subfield>
      <subfield code="i">19-45572</subfield>
      <subfield code="g">80</subfield>
      <subfield code="o">271.789.1 P618s</subfield>
      <subfield code="e">Secretaría de Extensión</subfield>
      <subfield code="8">CG</subfield>
    </datafield>
  </record>