
  <record>
    <leader>01000aam  22002601a 4500</leader>
    <controlfield tag="001">YPZ98213</controlfield>
    <controlfield tag="003">YPZ</controlfield>
    <controlfield tag="005">201309241728040</controlfield>
    <controlfield tag="008">130924|###########||||||b||||||||||spa|d</controlfield>
    <datafield tag="020" ind1=" " ind2=" ">
      <subfield code="a">8423997103 (o.c.)</subfield>
    </datafield>
    <datafield tag="020" ind1=" " ind2=" ">
      <subfield code="a">8423997111 (t.1)</subfield>
    </datafield>
    <datafield tag="040" ind1=" " ind2=" ">
      <subfield code="c">SIUNPA</subfield>
    </datafield>
    <datafield tag="041" ind1=" " ind2=" ">
      <subfield code="a">spa</subfield>
    </datafield>
    <datafield tag="044" ind1=" " ind2=" ">
      <subfield code="a">AR</subfield>
    </datafield>
    <datafield tag="080" ind1=" " ind2=" ">
      <subfield code="a">R(031) D545d</subfield>
    </datafield>
    <datafield tag="245" ind1=" " ind2=" ">
      <subfield code="a">Diccionario enciclopédico Planeta</subfield>
    </datafield>
    <datafield tag="260" ind1=" " ind2=" ">
      <subfield code="a">Buenos Aires</subfield>
      <subfield code="b"> : Planeta</subfield>
      <subfield code="b"> : La Nación</subfield>
      <subfield code="c"> , 1999</subfield>
    </datafield>
    <datafield tag="500" ind1=" " ind2=" ">
      <subfield code="a">La biblioteca posee v. 1 (sin encuadernar)</subfield>
    </datafield>
    <datafield tag="650" ind1=" " ind2=" ">
      <subfield code="a"> DICCIONARIO ENCICLOPEDICO</subfield>
    </datafield>
    <datafield tag="942" ind1=" " ind2=" ">
      <subfield code="c">BK</subfield>
    </datafield>
    <datafield tag="952" ind1=" " ind2=" ">
      <subfield code="a">BIB_RECT</subfield>
      <subfield code="b">BIB_UARG</subfield>
      <subfield code="d">2013-09-24</subfield>
      <subfield code="y">BK</subfield>
      <subfield code="p">05-45603</subfield>
      <subfield code="i">05-45603</subfield>
      <subfield code="g">250</subfield>
      <subfield code="o">R(031) D545d</subfield>
      <subfield code="e">Don. Flia. Celada</subfield>
      <subfield code="8">CR</subfield>
    </datafield>
  </record>