
  <record>
    <leader>01000aam  22002601a 4500</leader>
    <controlfield tag="001">YPZ98222</controlfield>
    <controlfield tag="003">YPZ</controlfield>
    <controlfield tag="005">201309251037270</controlfield>
    <controlfield tag="008">130925|###########||||||b||||||||||spa|d</controlfield>
    <datafield tag="020" ind1=" " ind2=" ">
      <subfield code="a">9789972371004</subfield>
    </datafield>
    <datafield tag="040" ind1=" " ind2=" ">
      <subfield code="c">SIUNPA</subfield>
    </datafield>
    <datafield tag="041" ind1=" " ind2=" ">
      <subfield code="a">spa</subfield>
    </datafield>
    <datafield tag="044" ind1=" " ind2=" ">
      <subfield code="a">PE</subfield>
    </datafield>
    <datafield tag="080" ind1=" " ind2=" ">
      <subfield code="a">782 V484t</subfield>
    </datafield>
    <datafield tag="100" ind1=" " ind2=" ">
      <subfield code="a">Verdi, Giuseppe.</subfield>
    </datafield>
    <datafield tag="245" ind1=" " ind2=" ">
      <subfield code="a">La traviata</subfield>
      <subfield code="c"> / Piave, Francesco María, libr.</subfield>
    </datafield>
    <datafield tag="250" ind1=" " ind2=" ">
      <subfield code="a">1a ed., 1a reimpr.</subfield>
    </datafield>
    <datafield tag="260" ind1=" " ind2=" ">
      <subfield code="a">Lima</subfield>
      <subfield code="b"> : Santillana</subfield>
      <subfield code="c"> , 2007</subfield>
    </datafield>
    <datafield tag="300" ind1=" " ind2=" ">
      <subfield code="a">194 p. : </subfield>
      <subfield code="b">il. ; </subfield>
      <subfield code="a">121 p. : </subfield>
      <subfield code="b">il. ; </subfield>
      <subfield code="a">311 p. : </subfield>
      <subfield code="b">il. ; </subfield>
      <subfield code="a">291 p. : </subfield>
      <subfield code="b">il. ; </subfield>
      <subfield code="a">296 p. : </subfield>
      <subfield code="b">il. ; </subfield>
      <subfield code="a">362 p. : </subfield>
      <subfield code="b">il. ; </subfield>
      <subfield code="a">315 p. : </subfield>
      <subfield code="b">il. ; </subfield>
      <subfield code="a">475 p. : </subfield>
      <subfield code="a">318 p. : </subfield>
      <subfield code="b">il. ; </subfield>
      <subfield code="a">365 p. : </subfield>
      <subfield code="a">316 p. : </subfield>
      <subfield code="b">il. ; </subfield>
      <subfield code="a">80 p. : </subfield>
      <subfield code="b">il. ; </subfield>
      <subfield code="a">xii, 820 p. : </subfield>
      <subfield code="b">il. ; </subfield>
      <subfield code="a">162 p. : </subfield>
      <subfield code="a">105 p. : </subfield>
      <subfield code="b">il. ; </subfield>
      <subfield code="a">178 p. : </subfield>
      <subfield code="b">il. ; </subfield>
      <subfield code="a">140 p. : </subfield>
      <subfield code="a">350 p. : </subfield>
      <subfield code="a">78 p. : </subfield>
      <subfield code="a">xiii, 83 p. : </subfield>
      <subfield code="a">187 p. : </subfield>
      <subfield code="a">105 p. : </subfield>
      <subfield code="a">2 v. : </subfield>
      <subfield code="b">il. ; </subfield>
      <subfield code="a">109 p. : </subfield>
      <subfield code="b">il. ; </subfield>
      <subfield code="a">115 p. : </subfield>
      <subfield code="b">il. ; </subfield>
      <subfield code="a">91 p. : </subfield>
      <subfield code="a">332 p. : </subfield>
      <subfield code="a">317 p. : </subfield>
      <subfield code="a">137 p. : </subfield>
      <subfield code="a">157 p. : </subfield>
      <subfield code="a">166 p. : </subfield>
      <subfield code="b">il. ; </subfield>
      <subfield code="a">170 p. : </subfield>
      <subfield code="a">288 p. : </subfield>
      <subfield code="a">291 p. : </subfield>
      <subfield code="b">il. ; </subfield>
      <subfield code="a">xii, 711 p. : </subfield>
      <subfield code="a">3 v. : </subfield>
      <subfield code="b">il. ; </subfield>
      <subfield code="a">755 p. : </subfield>
      <subfield code="a">3 v. : </subfield>
      <subfield code="b">il. ; </subfield>
      <subfield code="a">274 p. : </subfield>
      <subfield code="a">3 v. : </subfield>
      <subfield code="a">lxxiv, 445 p. : </subfield>
      <subfield code="a">8 v. : </subfield>
      <subfield code="b">il. ; </subfield>
      <subfield code="a">243 p. : </subfield>
      <subfield code="a">2 v. : </subfield>
      <subfield code="a">77 p. : </subfield>
      <subfield code="b">il. ; </subfield>
      <subfield code="e">2 CD-ROM en bolsillo</subfield>
    </datafield>
    <datafield tag="500" ind1=" " ind2=" ">
      <subfield code="a">Intérpretes: Violetta Valéry: María Callas; Alfredo Germont: Francesco Albanese; Giorgio Germont: Ugo Savarese; Flora Bervoix: Ede Marietti Gandolfo; Annina: Inés Mariette; Gastone: Mariano Caruso; El Barón Douphol: Alberto Albertini, et al. Orchestra Sinfónica di Torino della Rai, Gabriele Santini, dir.</subfield>
    </datafield>
    <datafield tag="650" ind1=" " ind2=" ">
      <subfield code="a"> OPERA</subfield>
    </datafield>
    <datafield tag="942" ind1=" " ind2=" ">
      <subfield code="c">BK</subfield>
    </datafield>
    <datafield tag="952" ind1=" " ind2=" ">
      <subfield code="a">BIB_RECT</subfield>
      <subfield code="b">BIB_UARG</subfield>
      <subfield code="d">2013-09-25</subfield>
      <subfield code="y">BK</subfield>
      <subfield code="p">05-45597</subfield>
      <subfield code="i">05-45597</subfield>
      <subfield code="g">130</subfield>
      <subfield code="o">782 V484t</subfield>
      <subfield code="e">Don. Flia. Celada</subfield>
      <subfield code="8">CG</subfield>
    </datafield>
  </record>