
  <record>
    <leader>01000aam  22002601a 4500</leader>
    <controlfield tag="001">YPZ98225</controlfield>
    <controlfield tag="003">YPZ</controlfield>
    <controlfield tag="005">201309251259090</controlfield>
    <controlfield tag="008">130925|###########||||||b||||||||||spa|d</controlfield>
    <datafield tag="040" ind1=" " ind2=" ">
      <subfield code="c">SIUNPA</subfield>
    </datafield>
    <datafield tag="041" ind1=" " ind2=" ">
      <subfield code="a">spa</subfield>
    </datafield>
    <datafield tag="044" ind1=" " ind2=" ">
      <subfield code="a">AR</subfield>
    </datafield>
    <datafield tag="080" ind1=" " ind2=" ">
      <subfield code="a">821.134.2 C419e</subfield>
    </datafield>
    <datafield tag="100" ind1=" " ind2=" ">
      <subfield code="a">Cervantes Saavedra, Miguel de.</subfield>
    </datafield>
    <datafield tag="245" ind1=" " ind2=" ">
      <subfield code="a">Entremeses</subfield>
      <subfield code="c"> / Francone, Viena, estudio prelim. y notas</subfield>
    </datafield>
    <datafield tag="260" ind1=" " ind2=" ">
      <subfield code="a">Buenos Aires</subfield>
      <subfield code="b"> : Kapelusz</subfield>
      <subfield code="c"> , 1977</subfield>
    </datafield>
    <datafield tag="440" ind1=" " ind2=" ">
      <subfield code="a">Los clásicos de la ópera</subfield>
      <subfield code="a">Estudios literarios</subfield>
      <subfield code="a">Grandes obras de la literatura universal</subfield>
      <subfield code="v">13</subfield>
    </datafield>
    <datafield tag="490" ind1=" " ind2=" ">
      <subfield code="a">Los clásicos de la ópera</subfield>
      <subfield code="a">Estudios literarios</subfield>
      <subfield code="a">Grandes obras de la literatura universal</subfield>
      <subfield code="v">13</subfield>
    </datafield>
    <datafield tag="650" ind1=" " ind2=" ">
      <subfield code="a"> LITERATURA ESPAÑOLA</subfield>
    </datafield>
    <datafield tag="650" ind1=" " ind2=" ">
      <subfield code="a"> TEATRO</subfield>
    </datafield>
    <datafield tag="942" ind1=" " ind2=" ">
      <subfield code="c">BK</subfield>
    </datafield>
    <datafield tag="952" ind1=" " ind2=" ">
      <subfield code="a">BIB_RECT</subfield>
      <subfield code="b">BIB_UARG</subfield>
      <subfield code="d">2013-09-25</subfield>
      <subfield code="y">BK</subfield>
      <subfield code="p">05-02500</subfield>
      <subfield code="i">05-02500</subfield>
      <subfield code="g">70</subfield>
      <subfield code="o">821.134.2 C419e</subfield>
      <subfield code="e">MigracionUARG</subfield>
      <subfield code="8">CG</subfield>
    </datafield>
  </record>