
  <record>
    <leader>01000aam  22002601a 4500</leader>
    <controlfield tag="001">YPZ98239</controlfield>
    <controlfield tag="003">YPZ</controlfield>
    <controlfield tag="005">201309301607310</controlfield>
    <controlfield tag="008">130930|###########||||||b||||||||||spa|d</controlfield>
    <datafield tag="020" ind1=" " ind2=" ">
      <subfield code="a">8446016753</subfield>
    </datafield>
    <datafield tag="040" ind1=" " ind2=" ">
      <subfield code="c">SIUNPA</subfield>
    </datafield>
    <datafield tag="041" ind1=" " ind2=" ">
      <subfield code="a">spa</subfield>
    </datafield>
    <datafield tag="044" ind1=" " ind2=" ">
      <subfield code="a">ES</subfield>
    </datafield>
    <datafield tag="080" ind1=" " ind2=" ">
      <subfield code="a">316.1 A241e</subfield>
    </datafield>
    <datafield tag="100" ind1=" " ind2=" ">
      <subfield code="a">Adorno, Theodor W..</subfield>
    </datafield>
    <datafield tag="245" ind1=" " ind2=" ">
      <subfield code="a">Escritos sociológicos I</subfield>
      <subfield code="c"> / Tiedemann, Rolf, ed. ; Adorno, Gretel, colab. ; Buck-Morss, Susan, colab. ; Schultz, Klaus, colab. ; González Ruiz, Agustín, tr.</subfield>
    </datafield>
    <datafield tag="260" ind1=" " ind2=" ">
      <subfield code="a">Madrid</subfield>
      <subfield code="b"> : Akal</subfield>
      <subfield code="c"> , 2004</subfield>
    </datafield>
    <datafield tag="440" ind1=" " ind2=" ">
      <subfield code="a">Colección mediaciones</subfield>
      <subfield code="a">Colección saberes</subfield>
      <subfield code="a">Akal / Básica de bolsillo|Obra completa</subfield>
      <subfield code="v">68|8</subfield>
    </datafield>
    <datafield tag="490" ind1=" " ind2=" ">
      <subfield code="a">Colección mediaciones</subfield>
      <subfield code="a">Colección saberes</subfield>
      <subfield code="a">Akal / Básica de bolsillo|Obra completa</subfield>
      <subfield code="v">68|8</subfield>
    </datafield>
    <datafield tag="650" ind1=" " ind2=" ">
      <subfield code="a"> SOCIOLOGIA</subfield>
    </datafield>
    <datafield tag="942" ind1=" " ind2=" ">
      <subfield code="c">BK</subfield>
    </datafield>
    <datafield tag="952" ind1=" " ind2=" ">
      <subfield code="a">BIB_RECT</subfield>
      <subfield code="b">BIB_UARG</subfield>
      <subfield code="d">2013-10-01</subfield>
      <subfield code="y">BK</subfield>
      <subfield code="p">05-45625</subfield>
      <subfield code="i">05-45625</subfield>
      <subfield code="g">150</subfield>
      <subfield code="o">316.1 A241e</subfield>
      <subfield code="e">Compra SIUNPA</subfield>
      <subfield code="8">CG</subfield>
    </datafield>
  </record>