
  <record>
    <leader>01000aam  22002601a 4500</leader>
    <controlfield tag="001">YPZ98247</controlfield>
    <controlfield tag="003">YPZ</controlfield>
    <controlfield tag="005">201310031505430</controlfield>
    <controlfield tag="008">131003|###########||||||b||||||||||spa|d</controlfield>
    <datafield tag="020" ind1=" " ind2=" ">
      <subfield code="a">9789871242849</subfield>
    </datafield>
    <datafield tag="040" ind1=" " ind2=" ">
      <subfield code="c">SIUNPA</subfield>
    </datafield>
    <datafield tag="041" ind1=" " ind2=" ">
      <subfield code="a">spa</subfield>
    </datafield>
    <datafield tag="044" ind1=" " ind2=" ">
      <subfield code="a">AR</subfield>
    </datafield>
    <datafield tag="080" ind1=" " ind2=" ">
      <subfield code="a">504.06 J828a 2</subfield>
    </datafield>
    <datafield tag="110" ind1=" " ind2=" ">
      <subfield code="a">Jornadas Ambientales de la Cuenca Carbonífera (2 : 2009 : Río Turbio).</subfield>
    </datafield>
    <datafield tag="245" ind1=" " ind2=" ">
      <subfield code="a">Segunda Jornadas Ambientales de la Cuenca Carbonífera</subfield>
      <subfield code="c"> / Morán, Mabel, coord.</subfield>
    </datafield>
    <datafield tag="250" ind1=" " ind2=" ">
      <subfield code="a">1a ed.</subfield>
    </datafield>
    <datafield tag="260" ind1=" " ind2=" ">
      <subfield code="a">Río Gallegos</subfield>
      <subfield code="b"> : Universidad Nacional de la Patagonia Austral, UNPAedita</subfield>
      <subfield code="c"> , 2013</subfield>
    </datafield>
    <datafield tag="650" ind1=" " ind2=" ">
      <subfield code="a"> MEDIO AMBIENTE</subfield>
    </datafield>
    <datafield tag="650" ind1=" " ind2=" ">
      <subfield code="a"> CONSERVACION DEL MEDIO AMBIENTE</subfield>
    </datafield>
    <datafield tag="650" ind1=" " ind2=" ">
      <subfield code="a"> CONSERVACION DE LA NATURALEZA</subfield>
    </datafield>
    <datafield tag="650" ind1=" " ind2=" ">
      <subfield code="a"> CAMBIO CLIMATICO </subfield>
    </datafield>
    <datafield tag="650" ind1=" " ind2=" ">
      <subfield code="a"> MINERIA</subfield>
    </datafield>
    <datafield tag="650" ind1=" " ind2=" ">
      <subfield code="a"> SANTA CRUZ (ARGENTINA)</subfield>
    </datafield>
    <datafield tag="942" ind1=" " ind2=" ">
      <subfield code="c">BK</subfield>
    </datafield>
    <datafield tag="952" ind1=" " ind2=" ">
      <subfield code="a">BIB_RECT</subfield>
      <subfield code="b">BIB_UACO</subfield>
      <subfield code="d">2013-10-03</subfield>
      <subfield code="y">BK</subfield>
      <subfield code="p">02-45674</subfield>
      <subfield code="i">02-45674</subfield>
      <subfield code="g">80</subfield>
      <subfield code="o">504.06 J828a 2</subfield>
      <subfield code="e">Secretaría de Extensión</subfield>
      <subfield code="8">CG</subfield>
    </datafield>
    <datafield tag="952" ind1=" " ind2=" ">
      <subfield code="a">BIB_RECT</subfield>
      <subfield code="b">BIB_UART</subfield>
      <subfield code="d">2013-10-03</subfield>
      <subfield code="y">BK</subfield>
      <subfield code="p">03-45659</subfield>
      <subfield code="i">03-45659</subfield>
      <subfield code="g">80</subfield>
      <subfield code="o">504.06 J828a 2</subfield>
      <subfield code="e">Sec. de Extensión</subfield>
      <subfield code="8">CG</subfield>
    </datafield>
    <datafield tag="952" ind1=" " ind2=" ">
      <subfield code="a">BIB_RECT</subfield>
      <subfield code="b">BIB_UART</subfield>
      <subfield code="d">2013-10-03</subfield>
      <subfield code="y">BK</subfield>
      <subfield code="p">03-45660</subfield>
      <subfield code="i">03-45660</subfield>
      <subfield code="g">80</subfield>
      <subfield code="o">504.06 J828a 2</subfield>
      <subfield code="e">Sec. de Extensión</subfield>
      <subfield code="8">CG</subfield>
    </datafield>
    <datafield tag="952" ind1=" " ind2=" ">
      <subfield code="a">BIB_RECT</subfield>
      <subfield code="b">BIB_UART</subfield>
      <subfield code="d">2013-10-03</subfield>
      <subfield code="y">BK</subfield>
      <subfield code="p">03-45661</subfield>
      <subfield code="i">03-45661</subfield>
      <subfield code="g">80</subfield>
      <subfield code="o">504.06 J828a 2</subfield>
      <subfield code="e">Sec. de Extensión</subfield>
      <subfield code="8">CG</subfield>
    </datafield>
    <datafield tag="952" ind1=" " ind2=" ">
      <subfield code="a">BIB_RECT</subfield>
      <subfield code="b">BIB_UART</subfield>
      <subfield code="d">2013-10-03</subfield>
      <subfield code="y">BK</subfield>
      <subfield code="p">03-45662</subfield>
      <subfield code="i">03-45662</subfield>
      <subfield code="g">80</subfield>
      <subfield code="o">504.06 J828a 2</subfield>
      <subfield code="e">Sec. de Extensión</subfield>
      <subfield code="8">CG</subfield>
    </datafield>
    <datafield tag="952" ind1=" " ind2=" ">
      <subfield code="a">BIB_RECT</subfield>
      <subfield code="b">BIB_UART</subfield>
      <subfield code="d">2013-10-03</subfield>
      <subfield code="y">BK</subfield>
      <subfield code="p">03-45663</subfield>
      <subfield code="i">03-45663</subfield>
      <subfield code="g">80</subfield>
      <subfield code="o">504.06 J828a 2</subfield>
      <subfield code="e">Sec. de Extensión</subfield>
      <subfield code="8">CG</subfield>
    </datafield>
    <datafield tag="952" ind1=" " ind2=" ">
      <subfield code="a">BIB_RECT</subfield>
      <subfield code="b">BIB_UART</subfield>
      <subfield code="d">2013-10-03</subfield>
      <subfield code="y">BK</subfield>
      <subfield code="p">03-45664</subfield>
      <subfield code="i">03-45664</subfield>
      <subfield code="g">80</subfield>
      <subfield code="o">504.06 J828a 2</subfield>
      <subfield code="e">Sec. de Extensión</subfield>
      <subfield code="8">CG</subfield>
    </datafield>
    <datafield tag="952" ind1=" " ind2=" ">
      <subfield code="a">BIB_RECT</subfield>
      <subfield code="b">BIB_UASJ</subfield>
      <subfield code="d">2013-10-03</subfield>
      <subfield code="y">BK</subfield>
      <subfield code="p">04-45667</subfield>
      <subfield code="i">04-45667</subfield>
      <subfield code="g">80</subfield>
      <subfield code="o">504.06 J828a 2</subfield>
      <subfield code="e">Sec. de Extensión</subfield>
      <subfield code="8">CG</subfield>
    </datafield>
    <datafield tag="952" ind1=" " ind2=" ">
      <subfield code="a">BIB_RECT</subfield>
      <subfield code="b">BIB_UASJ</subfield>
      <subfield code="d">2013-10-03</subfield>
      <subfield code="y">BK</subfield>
      <subfield code="p">04-45668</subfield>
      <subfield code="i">04-45668</subfield>
      <subfield code="g">80</subfield>
      <subfield code="o">504.06 J828a 2</subfield>
      <subfield code="e">Sec. de Extensión</subfield>
      <subfield code="8">CG</subfield>
    </datafield>
    <datafield tag="952" ind1=" " ind2=" ">
      <subfield code="a">BIB_RECT</subfield>
      <subfield code="b">BIB_UASJ</subfield>
      <subfield code="d">2013-10-03</subfield>
      <subfield code="y">BK</subfield>
      <subfield code="p">04-45669</subfield>
      <subfield code="i">04-45669</subfield>
      <subfield code="g">80</subfield>
      <subfield code="o">504.06 J828a 2</subfield>
      <subfield code="e">Sec. de Extensión</subfield>
      <subfield code="8">CG</subfield>
    </datafield>
    <datafield tag="952" ind1=" " ind2=" ">
      <subfield code="a">BIB_RECT</subfield>
      <subfield code="b">BIB_UARG</subfield>
      <subfield code="d">2013-10-03</subfield>
      <subfield code="y">BK</subfield>
      <subfield code="p">05-45656</subfield>
      <subfield code="i">05-45656</subfield>
      <subfield code="g">80</subfield>
      <subfield code="o">504.06 J828a 2</subfield>
      <subfield code="e">Sec. de Extensión</subfield>
      <subfield code="8">CG</subfield>
    </datafield>
    <datafield tag="952" ind1=" " ind2=" ">
      <subfield code="a">BIB_RECT</subfield>
      <subfield code="b">SAT_TRUN</subfield>
      <subfield code="d">2013-10-03</subfield>
      <subfield code="y">BK</subfield>
      <subfield code="p">10-45690</subfield>
      <subfield code="i">10-45690</subfield>
      <subfield code="g">80</subfield>
      <subfield code="o">504.06 J828a 2</subfield>
      <subfield code="e">Sec. de Extensión</subfield>
      <subfield code="8">CG</subfield>
    </datafield>
    <datafield tag="952" ind1=" " ind2=" ">
      <subfield code="a">BIB_RECT</subfield>
      <subfield code="b">SAT_PBNA</subfield>
      <subfield code="d">2013-10-03</subfield>
      <subfield code="y">BK</subfield>
      <subfield code="p">11-45688</subfield>
      <subfield code="i">11-45688</subfield>
      <subfield code="g">80</subfield>
      <subfield code="o">504.06 J828a 2</subfield>
      <subfield code="e">Sec. de Extensión</subfield>
      <subfield code="8">CG</subfield>
    </datafield>
    <datafield tag="952" ind1=" " ind2=" ">
      <subfield code="a">BIB_RECT</subfield>
      <subfield code="b">SAT_CLFT</subfield>
      <subfield code="d">2013-10-03</subfield>
      <subfield code="y">BK</subfield>
      <subfield code="p">12-45686</subfield>
      <subfield code="i">12-45686</subfield>
      <subfield code="g">80</subfield>
      <subfield code="o">504.06 J828a 2</subfield>
      <subfield code="e">Sec. de Extensión</subfield>
      <subfield code="8">CG</subfield>
    </datafield>
    <datafield tag="952" ind1=" " ind2=" ">
      <subfield code="a">BIB_RECT</subfield>
      <subfield code="b">SAT_PMDN </subfield>
      <subfield code="d">2013-10-15</subfield>
      <subfield code="y">BK</subfield>
      <subfield code="p">15-45684</subfield>
      <subfield code="i">15-45684</subfield>
      <subfield code="g">80</subfield>
      <subfield code="o">504.06 J828a 2</subfield>
      <subfield code="e">Sec. de Extensión</subfield>
      <subfield code="8">CG</subfield>
    </datafield>
    <datafield tag="952" ind1=" " ind2=" ">
      <subfield code="a">BIB_RECT</subfield>
      <subfield code="b">SAT_PDES</subfield>
      <subfield code="d">2013-10-03</subfield>
      <subfield code="y">BK</subfield>
      <subfield code="p">16-45682</subfield>
      <subfield code="i">16-45682</subfield>
      <subfield code="g">80</subfield>
      <subfield code="o">504.06 J828a 2</subfield>
      <subfield code="e">Sec. de Extensión</subfield>
      <subfield code="8">CG</subfield>
    </datafield>
    <datafield tag="952" ind1=" " ind2=" ">
      <subfield code="a">BIB_RECT</subfield>
      <subfield code="b">SAT_RGRA</subfield>
      <subfield code="d">2013-10-03</subfield>
      <subfield code="y">BK</subfield>
      <subfield code="p">17-45680</subfield>
      <subfield code="i">17-45680</subfield>
      <subfield code="g">80</subfield>
      <subfield code="o">504.06 J828a 2</subfield>
      <subfield code="e">Sec. de Extensión</subfield>
      <subfield code="8">CG</subfield>
    </datafield>
    <datafield tag="952" ind1=" " ind2=" ">
      <subfield code="a">BIB_RECT</subfield>
      <subfield code="b">SAT_GREG</subfield>
      <subfield code="d">2013-10-03</subfield>
      <subfield code="y">BK</subfield>
      <subfield code="p">18-45678</subfield>
      <subfield code="i">18-45678</subfield>
      <subfield code="g">80</subfield>
      <subfield code="o">504.06 J828a 2</subfield>
      <subfield code="e">Sec. de Extensión</subfield>
      <subfield code="8">CG</subfield>
    </datafield>
    <datafield tag="952" ind1=" " ind2=" ">
      <subfield code="a">BIB_RECT</subfield>
      <subfield code="b">SAT_USHU</subfield>
      <subfield code="d">2013-10-03</subfield>
      <subfield code="y">BK</subfield>
      <subfield code="p">19-45676</subfield>
      <subfield code="i">19-45676</subfield>
      <subfield code="g">80</subfield>
      <subfield code="o">504.06 J828a 2</subfield>
      <subfield code="e">Sec. de Extensión</subfield>
      <subfield code="8">CG</subfield>
    </datafield>
  </record>