
  <record>
    <leader>01000aam  22002601a 4500</leader>
    <controlfield tag="001">YPZ98248</controlfield>
    <controlfield tag="003">YPZ</controlfield>
    <controlfield tag="005">201310041127270</controlfield>
    <controlfield tag="008">131004|###########||||||b||||||||||spa|d</controlfield>
    <datafield tag="020" ind1=" " ind2=" ">
      <subfield code="a">9789871242825</subfield>
    </datafield>
    <datafield tag="040" ind1=" " ind2=" ">
      <subfield code="c">SIUNPA</subfield>
    </datafield>
    <datafield tag="041" ind1=" " ind2=" ">
      <subfield code="a">spa</subfield>
    </datafield>
    <datafield tag="044" ind1=" " ind2=" ">
      <subfield code="a">AR</subfield>
    </datafield>
    <datafield tag="080" ind1=" " ind2=" ">
      <subfield code="a">371.2 E211e</subfield>
    </datafield>
    <datafield tag="100" ind1=" " ind2=" ">
      <subfield code="a">Grinberg, Silvia.</subfield>
    </datafield>
    <datafield tag="700" ind1=" " ind2=" ">
      <subfield code="a">Bang, Lucas.</subfield>
    </datafield>
    <datafield tag="700" ind1=" " ind2=" ">
      <subfield code="a">Braticevich, Sergio.</subfield>
    </datafield>
    <datafield tag="700" ind1=" " ind2=" ">
      <subfield code="a">Cestare, Mariela.</subfield>
    </datafield>
    <datafield tag="700" ind1=" " ind2=" ">
      <subfield code="a">Langer, Eduardo.</subfield>
    </datafield>
    <datafield tag="700" ind1=" " ind2=" ">
      <subfield code="a">Pérez, Andrés.</subfield>
    </datafield>
    <datafield tag="700" ind1=" " ind2=" ">
      <subfield code="a">Pirosanto, Rosa Ana.</subfield>
    </datafield>
    <datafield tag="700" ind1=" " ind2=" ">
      <subfield code="a">Roldán, Sandra.</subfield>
    </datafield>
    <datafield tag="700" ind1=" " ind2=" ">
      <subfield code="a">Sargiotto, Viviana.</subfield>
    </datafield>
    <datafield tag="700" ind1=" " ind2=" ">
      <subfield code="a">Venturini, María Eugenia.</subfield>
    </datafield>
    <datafield tag="245" ind1=" " ind2=" ">
      <subfield code="a">La escuela not dead</subfield>
      <subfield code="b"> : dipositivos pedagógicos, territorios y desigualdad</subfield>
      <subfield code="c"> / Grinberg, Silvia, coord.</subfield>
    </datafield>
    <datafield tag="250" ind1=" " ind2=" ">
      <subfield code="a">1a ed.</subfield>
    </datafield>
    <datafield tag="260" ind1=" " ind2=" ">
      <subfield code="a">Río Gallegos</subfield>
      <subfield code="b"> : Universidad Nacional de la Patagonia Austral, UNPAedita</subfield>
      <subfield code="c"> , 2013</subfield>
    </datafield>
    <datafield tag="650" ind1=" " ind2=" ">
      <subfield code="a"> POLITICAS DE EDUCACION  EDUCACION PRIMARIA</subfield>
    </datafield>
    <datafield tag="650" ind1=" " ind2=" ">
      <subfield code="a"> DOCENTES </subfield>
    </datafield>
    <datafield tag="650" ind1=" " ind2=" ">
      <subfield code="a"> ESCUELAS</subfield>
    </datafield>
    <datafield tag="650" ind1=" " ind2=" ">
      <subfield code="a"> RELACION ESCUELA</subfield>
    </datafield>
    <datafield tag="650" ind1=" " ind2=" ">
      <subfield code="a">ALUMNO </subfield>
    </datafield>
    <datafield tag="650" ind1=" " ind2=" ">
      <subfield code="a"> INVESTIGACION EDUCACIONAL </subfield>
    </datafield>
    <datafield tag="650" ind1=" " ind2=" ">
      <subfield code="a"> ALUMNOS</subfield>
    </datafield>
    <datafield tag="650" ind1=" " ind2=" ">
      <subfield code="a"> SANTA CRUZ (ARGENTINA)</subfield>
    </datafield>
    <datafield tag="942" ind1=" " ind2=" ">
      <subfield code="c">BK</subfield>
    </datafield>
    <datafield tag="952" ind1=" " ind2=" ">
      <subfield code="a">BIB_RECT</subfield>
      <subfield code="b">BIB_UACO</subfield>
      <subfield code="d">2013-10-03</subfield>
      <subfield code="y">BK</subfield>
      <subfield code="p">02-45670</subfield>
      <subfield code="i">02-45670</subfield>
      <subfield code="g">110</subfield>
      <subfield code="o">371.2 E211e</subfield>
      <subfield code="e">Sec. de Extensión</subfield>
      <subfield code="8">CG</subfield>
    </datafield>
    <datafield tag="952" ind1=" " ind2=" ">
      <subfield code="a">BIB_RECT</subfield>
      <subfield code="b">BIB_UACO</subfield>
      <subfield code="d">2013-10-03</subfield>
      <subfield code="y">BK</subfield>
      <subfield code="p">02-45671</subfield>
      <subfield code="i">02-45671</subfield>
      <subfield code="g">110</subfield>
      <subfield code="o">371.2 E211e</subfield>
      <subfield code="e">Sec. de Extensión</subfield>
      <subfield code="8">CG</subfield>
    </datafield>
    <datafield tag="952" ind1=" " ind2=" ">
      <subfield code="a">BIB_RECT</subfield>
      <subfield code="b">BIB_UACO</subfield>
      <subfield code="d">2013-10-03</subfield>
      <subfield code="y">BK</subfield>
      <subfield code="p">02-45672</subfield>
      <subfield code="i">02-45672</subfield>
      <subfield code="g">110</subfield>
      <subfield code="o">371.2 E211e</subfield>
      <subfield code="e">Sec. de Extensión</subfield>
      <subfield code="8">CG</subfield>
    </datafield>
    <datafield tag="952" ind1=" " ind2=" ">
      <subfield code="a">BIB_RECT</subfield>
      <subfield code="b">BIB_UACO</subfield>
      <subfield code="d">2013-10-02</subfield>
      <subfield code="y">BK</subfield>
      <subfield code="p">02-45673</subfield>
      <subfield code="i">02-45673</subfield>
      <subfield code="g">110</subfield>
      <subfield code="o">371.2 E211e</subfield>
      <subfield code="e">Sec. de Extensión</subfield>
      <subfield code="8">CG</subfield>
    </datafield>
    <datafield tag="952" ind1=" " ind2=" ">
      <subfield code="a">BIB_RECT</subfield>
      <subfield code="b">BIB_UART</subfield>
      <subfield code="d">2013-10-03</subfield>
      <subfield code="y">BK</subfield>
      <subfield code="p">03-45657</subfield>
      <subfield code="i">03-45657</subfield>
      <subfield code="g">110</subfield>
      <subfield code="o">371.2 E211e</subfield>
      <subfield code="e">Sec. de Extensión</subfield>
      <subfield code="8">CG</subfield>
    </datafield>
    <datafield tag="952" ind1=" " ind2=" ">
      <subfield code="a">BIB_RECT</subfield>
      <subfield code="b">BIB_UART</subfield>
      <subfield code="d">2013-10-03</subfield>
      <subfield code="y">BK</subfield>
      <subfield code="p">03-45658</subfield>
      <subfield code="i">03-45658</subfield>
      <subfield code="g">110</subfield>
      <subfield code="o">371.2 E211e</subfield>
      <subfield code="e">Sec. de Extensión</subfield>
      <subfield code="8">CG</subfield>
    </datafield>
    <datafield tag="952" ind1=" " ind2=" ">
      <subfield code="a">BIB_RECT</subfield>
      <subfield code="b">BIB_UASJ</subfield>
      <subfield code="d">2013-10-04</subfield>
      <subfield code="y">BK</subfield>
      <subfield code="p">04-45665</subfield>
      <subfield code="i">04-45665</subfield>
      <subfield code="g">110</subfield>
      <subfield code="o">371.2 E211e</subfield>
      <subfield code="e">Sec. de Extensión</subfield>
      <subfield code="8">CG</subfield>
    </datafield>
    <datafield tag="952" ind1=" " ind2=" ">
      <subfield code="a">BIB_RECT</subfield>
      <subfield code="b">BIB_UASJ</subfield>
      <subfield code="d">2013-10-04</subfield>
      <subfield code="y">BK</subfield>
      <subfield code="p">04-45666</subfield>
      <subfield code="i">04-45666</subfield>
      <subfield code="g">110</subfield>
      <subfield code="o">371.2 E211e</subfield>
      <subfield code="e">Sec. de Extensión</subfield>
      <subfield code="8">CG</subfield>
    </datafield>
    <datafield tag="952" ind1=" " ind2=" ">
      <subfield code="a">BIB_RECT</subfield>
      <subfield code="b">BIB_UARG</subfield>
      <subfield code="d">2013-10-03</subfield>
      <subfield code="y">BK</subfield>
      <subfield code="p">05-45653</subfield>
      <subfield code="i">05-45653</subfield>
      <subfield code="g">110</subfield>
      <subfield code="o">371.2 E211e</subfield>
      <subfield code="e">Sec. de Extensión</subfield>
      <subfield code="8">CG</subfield>
    </datafield>
    <datafield tag="952" ind1=" " ind2=" ">
      <subfield code="a">BIB_RECT</subfield>
      <subfield code="b">BIB_UARG</subfield>
      <subfield code="d">2013-10-03</subfield>
      <subfield code="y">BK</subfield>
      <subfield code="p">05-45654</subfield>
      <subfield code="i">05-45654</subfield>
      <subfield code="g">110</subfield>
      <subfield code="o">371.2 E211e</subfield>
      <subfield code="e">Sec. de Extensión</subfield>
      <subfield code="8">CG</subfield>
    </datafield>
    <datafield tag="952" ind1=" " ind2=" ">
      <subfield code="a">BIB_RECT</subfield>
      <subfield code="b">BIB_UARG</subfield>
      <subfield code="d">2013-10-03</subfield>
      <subfield code="y">BK</subfield>
      <subfield code="p">05-45655</subfield>
      <subfield code="i">05-45655</subfield>
      <subfield code="g">110</subfield>
      <subfield code="o">371.2 E211e</subfield>
      <subfield code="e">Sec. de Extensión</subfield>
      <subfield code="8">CG</subfield>
    </datafield>
    <datafield tag="952" ind1=" " ind2=" ">
      <subfield code="a">BIB_RECT</subfield>
      <subfield code="b">SAT_TRUN</subfield>
      <subfield code="d">2013-10-03</subfield>
      <subfield code="y">BK</subfield>
      <subfield code="p">10-45689</subfield>
      <subfield code="i">10-45689</subfield>
      <subfield code="g">110</subfield>
      <subfield code="o">371.2 E211e</subfield>
      <subfield code="e">Sec. de Extensión</subfield>
      <subfield code="8">CG</subfield>
    </datafield>
    <datafield tag="952" ind1=" " ind2=" ">
      <subfield code="a">BIB_RECT</subfield>
      <subfield code="b">SAT_PBNA</subfield>
      <subfield code="d">2013-10-03</subfield>
      <subfield code="y">BK</subfield>
      <subfield code="p">11-45687</subfield>
      <subfield code="i">11-45687</subfield>
      <subfield code="g">110</subfield>
      <subfield code="o">371.2 E211e</subfield>
      <subfield code="e">Sec. de Extensión</subfield>
      <subfield code="8">CG</subfield>
    </datafield>
    <datafield tag="952" ind1=" " ind2=" ">
      <subfield code="a">BIB_RECT</subfield>
      <subfield code="b">SAT_CLFT</subfield>
      <subfield code="d">2013-10-05</subfield>
      <subfield code="y">BK</subfield>
      <subfield code="p">12-45685</subfield>
      <subfield code="i">12-45685</subfield>
      <subfield code="g">110</subfield>
      <subfield code="o">371.2 E211e</subfield>
      <subfield code="e">Sec. de Extensión</subfield>
      <subfield code="8">CG</subfield>
    </datafield>
    <datafield tag="952" ind1=" " ind2=" ">
      <subfield code="a">BIB_RECT</subfield>
      <subfield code="b">SAT_PMDN </subfield>
      <subfield code="d">2013-10-15</subfield>
      <subfield code="y">BK</subfield>
      <subfield code="p">15-45683</subfield>
      <subfield code="i">15-45683</subfield>
      <subfield code="g">110</subfield>
      <subfield code="o">371.2 E211e</subfield>
      <subfield code="e">Sec. de Extensión</subfield>
      <subfield code="8">CG</subfield>
    </datafield>
    <datafield tag="952" ind1=" " ind2=" ">
      <subfield code="a">BIB_RECT</subfield>
      <subfield code="b">SAT_PDES</subfield>
      <subfield code="d">2013-10-03</subfield>
      <subfield code="y">BK</subfield>
      <subfield code="p">16-45681</subfield>
      <subfield code="i">16-45681</subfield>
      <subfield code="g">110</subfield>
      <subfield code="o">371.2 E211e</subfield>
      <subfield code="e">Sec. de Extensión</subfield>
      <subfield code="8">CG</subfield>
    </datafield>
    <datafield tag="952" ind1=" " ind2=" ">
      <subfield code="a">BIB_RECT</subfield>
      <subfield code="b">SAT_RGRA</subfield>
      <subfield code="d">2013-10-03</subfield>
      <subfield code="y">BK</subfield>
      <subfield code="p">17-45679</subfield>
      <subfield code="i">17-45679</subfield>
      <subfield code="g">110</subfield>
      <subfield code="o">371.2 E211e</subfield>
      <subfield code="e">Sec. de Extensión</subfield>
      <subfield code="8">CG</subfield>
    </datafield>
    <datafield tag="952" ind1=" " ind2=" ">
      <subfield code="a">BIB_RECT</subfield>
      <subfield code="b">SAT_GREG</subfield>
      <subfield code="d">2013-10-03</subfield>
      <subfield code="y">BK</subfield>
      <subfield code="p">18-45677</subfield>
      <subfield code="i">18-45677</subfield>
      <subfield code="g">110</subfield>
      <subfield code="o">371.2 E211e</subfield>
      <subfield code="e">Sec. de Extensión</subfield>
      <subfield code="8">CG</subfield>
    </datafield>
    <datafield tag="952" ind1=" " ind2=" ">
      <subfield code="a">BIB_RECT</subfield>
      <subfield code="b">SAT_USHU</subfield>
      <subfield code="d">2013-10-03</subfield>
      <subfield code="y">BK</subfield>
      <subfield code="p">19-45677</subfield>
      <subfield code="i">19-45677</subfield>
      <subfield code="g">110</subfield>
      <subfield code="o">371.2 E211e</subfield>
      <subfield code="e">Sec. de Extensión</subfield>
      <subfield code="8">CG</subfield>
    </datafield>
  </record>