
  <record>
    <leader>01000aam  22002601a 4500</leader>
    <controlfield tag="001">YPZ98277</controlfield>
    <controlfield tag="003">YPZ</controlfield>
    <controlfield tag="005">201310171526390</controlfield>
    <controlfield tag="008">131017|###########||||||b||||||||||spa|d</controlfield>
    <datafield tag="040" ind1=" " ind2=" ">
      <subfield code="c">SIUNPA</subfield>
    </datafield>
    <datafield tag="041" ind1=" " ind2=" ">
      <subfield code="a">spa</subfield>
    </datafield>
    <datafield tag="044" ind1=" " ind2=" ">
      <subfield code="a">AR</subfield>
    </datafield>
    <datafield tag="080" ind1=" " ind2=" ">
      <subfield code="a">62 P979g</subfield>
    </datafield>
    <datafield tag="100" ind1=" " ind2=" ">
      <subfield code="a">Puig, Ignacio.</subfield>
    </datafield>
    <datafield tag="245" ind1=" " ind2=" ">
      <subfield code="a">Gran formulario industrial</subfield>
    </datafield>
    <datafield tag="250" ind1=" " ind2=" ">
      <subfield code="a">1a ed.</subfield>
    </datafield>
    <datafield tag="260" ind1=" " ind2=" ">
      <subfield code="a">Buenos Aires</subfield>
      <subfield code="b"> : Sopena</subfield>
      <subfield code="c"> , 1946</subfield>
    </datafield>
    <datafield tag="500" ind1=" " ind2=" ">
      <subfield code="a">En portada: Novísimo recetario que contiene miles de fórmulas y secretos de fabricación para iniciarse en cualquier industria y labrarse una fortuna, así como para el aprovechamiento de todo cuanto se relacione con el hogar</subfield>
    </datafield>
    <datafield tag="650" ind1=" " ind2=" ">
      <subfield code="a"> ECONOMIA INDUSTRIAL</subfield>
    </datafield>
    <datafield tag="650" ind1=" " ind2=" ">
      <subfield code="a"> DESARROLLO INDUSTRIAL</subfield>
    </datafield>
    <datafield tag="650" ind1=" " ind2=" ">
      <subfield code="a"> INDUSTRIA</subfield>
    </datafield>
    <datafield tag="942" ind1=" " ind2=" ">
      <subfield code="c">BK</subfield>
    </datafield>
    <datafield tag="952" ind1=" " ind2=" ">
      <subfield code="a">BIB_RECT</subfield>
      <subfield code="b">BIB_UARG</subfield>
      <subfield code="d">2013-10-15</subfield>
      <subfield code="y">BK</subfield>
      <subfield code="p">05-45737</subfield>
      <subfield code="i">05-45737</subfield>
      <subfield code="g">450</subfield>
      <subfield code="o">62 P979g</subfield>
      <subfield code="e">Don. Flia. Celada</subfield>
      <subfield code="8">CG</subfield>
    </datafield>
  </record>