
  <record>
    <leader>01000aam  22002601a 4500</leader>
    <controlfield tag="001">YPZ98279</controlfield>
    <controlfield tag="003">YPZ</controlfield>
    <controlfield tag="005">201310211620120</controlfield>
    <controlfield tag="008">131021|###########||||||b||||||||||spa|d</controlfield>
    <datafield tag="040" ind1=" " ind2=" ">
      <subfield code="c">SIUNPA</subfield>
    </datafield>
    <datafield tag="041" ind1=" " ind2=" ">
      <subfield code="a">spa</subfield>
    </datafield>
    <datafield tag="044" ind1=" " ind2=" ">
      <subfield code="a">AR</subfield>
    </datafield>
    <datafield tag="080" ind1=" " ind2=" ">
      <subfield code="a">821.134.2(82) C221j</subfield>
    </datafield>
    <datafield tag="100" ind1=" " ind2=" ">
      <subfield code="a">Cané, Miguel.</subfield>
    </datafield>
    <datafield tag="245" ind1=" " ind2=" ">
      <subfield code="a">Juvenilia</subfield>
    </datafield>
    <datafield tag="260" ind1=" " ind2=" ">
      <subfield code="a">Buenos Aires</subfield>
      <subfield code="b"> : Centro Editor de América Latina</subfield>
      <subfield code="c"> , 1967</subfield>
    </datafield>
    <datafield tag="440" ind1=" " ind2=" ">
      <subfield code="a">Capítulo. Biblioteca argentina fundamental</subfield>
      <subfield code="v">28</subfield>
    </datafield>
    <datafield tag="490" ind1=" " ind2=" ">
      <subfield code="a">Capítulo. Biblioteca argentina fundamental</subfield>
      <subfield code="v">28</subfield>
    </datafield>
    <datafield tag="650" ind1=" " ind2=" ">
      <subfield code="a"> LITERATURA ARGENTINA</subfield>
    </datafield>
    <datafield tag="650" ind1=" " ind2=" ">
      <subfield code="a"> NOVELA</subfield>
    </datafield>
    <datafield tag="650" ind1=" " ind2=" ">
      <subfield code="a"> CUENTO</subfield>
    </datafield>
    <datafield tag="505" ind1="0" ind2="0">
      <subfield code="g">p. 75-84</subfield>
      <subfield code="g">- LITERATURA ARGENTINA|- CUENTO</subfield>
      <subfield code="r">Wilde, Eduardo</subfield>
      <subfield code="t">La lluvia</subfield>
    </datafield>
    <datafield tag="505" ind1="0" ind2="0">
      <subfield code="g">p. 85-105</subfield>
      <subfield code="g">- LITERATURA ARGENTINA|- CUENTO</subfield>
      <subfield code="r">Wilde, Eduardo</subfield>
      <subfield code="t">Tini</subfield>
    </datafield>
    <datafield tag="505" ind1="0" ind2="0">
      <subfield code="g">p. 106-117</subfield>
      <subfield code="g">- LITERATURA ARGENTINA|- CUENTO</subfield>
      <subfield code="r">Wilde, Eduardo</subfield>
      <subfield code="t">Vida moderna</subfield>
    </datafield>
    <datafield tag="773" ind1="0" ind2="#">
      <subfield code="a">Wilde, Eduardo</subfield>
      <subfield code="g">- LITERATURA ARGENTINA|- CUENTO</subfield>
      <subfield code="h">p. 75-84</subfield>
      <subfield code="t">La lluvia</subfield>
    </datafield>
    <datafield tag="773" ind1="0" ind2="#">
      <subfield code="a">Wilde, Eduardo</subfield>
      <subfield code="g">- LITERATURA ARGENTINA|- CUENTO</subfield>
      <subfield code="h">p. 85-105</subfield>
      <subfield code="t">Tini</subfield>
    </datafield>
    <datafield tag="773" ind1="0" ind2="#">
      <subfield code="a">Wilde, Eduardo</subfield>
      <subfield code="g">- LITERATURA ARGENTINA|- CUENTO</subfield>
      <subfield code="h">p. 106-117</subfield>
      <subfield code="t">Vida moderna</subfield>
    </datafield>
    <datafield tag="942" ind1=" " ind2=" ">
      <subfield code="c">BK</subfield>
    </datafield>
    <datafield tag="952" ind1=" " ind2=" ">
      <subfield code="a">BIB_RECT</subfield>
      <subfield code="b">BIB_UARG</subfield>
      <subfield code="d">2013-10-15</subfield>
      <subfield code="y">BK</subfield>
      <subfield code="p">05-45731</subfield>
      <subfield code="i">05-45731</subfield>
      <subfield code="g">35</subfield>
      <subfield code="o">821.134.2(82) C221j</subfield>
      <subfield code="e">Don. Flia. Celada</subfield>
      <subfield code="8">CG</subfield>
    </datafield>
  </record>