
  <record>
    <leader>01000aam  22002601a 4500</leader>
    <controlfield tag="001">YPZ98307</controlfield>
    <controlfield tag="003">YPZ</controlfield>
    <controlfield tag="005">201311120930510</controlfield>
    <controlfield tag="008">131112|###########||||||b||||||||||spa|d</controlfield>
    <datafield tag="020" ind1=" " ind2=" ">
      <subfield code="a">9789879483299 (v.1)</subfield>
    </datafield>
    <datafield tag="020" ind1=" " ind2=" ">
      <subfield code="a">9789879483305 (v.2)</subfield>
    </datafield>
    <datafield tag="040" ind1=" " ind2=" ">
      <subfield code="c">SIUNPA</subfield>
    </datafield>
    <datafield tag="041" ind1=" " ind2=" ">
      <subfield code="a">spa</subfield>
    </datafield>
    <datafield tag="044" ind1=" " ind2=" ">
      <subfield code="a">AR</subfield>
    </datafield>
    <datafield tag="080" ind1=" " ind2=" ">
      <subfield code="a">35.07 S485s</subfield>
    </datafield>
    <datafield tag="100" ind1=" " ind2=" ">
      <subfield code="a">Alessandro, Martín.</subfield>
    </datafield>
    <datafield tag="700" ind1=" " ind2=" ">
      <subfield code="a">Cachés, Javier.</subfield>
    </datafield>
    <datafield tag="700" ind1=" " ind2=" ">
      <subfield code="a">Garibaldi, Pablo.</subfield>
    </datafield>
    <datafield tag="700" ind1=" " ind2=" ">
      <subfield code="a">Zappino, Jorge.</subfield>
    </datafield>
    <datafield tag="700" ind1=" " ind2=" ">
      <subfield code="a">Von Zeschau, Juan.</subfield>
    </datafield>
    <datafield tag="700" ind1=" " ind2=" ">
      <subfield code="a">Zin, Máximo.</subfield>
    </datafield>
    <datafield tag="700" ind1=" " ind2=" ">
      <subfield code="a">Gazzotti, Alejandro.</subfield>
    </datafield>
    <datafield tag="700" ind1=" " ind2=" ">
      <subfield code="a">Tesoro, José Luis.</subfield>
    </datafield>
    <datafield tag="245" ind1=" " ind2=" ">
      <subfield code="a">Serie de investigaciones sobre estado, administración pública y sociedad</subfield>
    </datafield>
    <datafield tag="260" ind1=" " ind2=" ">
      <subfield code="a">Buenos Aires</subfield>
      <subfield code="b"> : Dirección de investigación,  Instituto Nacional de la Administración Pública - INAP</subfield>
      <subfield code="c"> , 2012</subfield>
    </datafield>
    <datafield tag="650" ind1=" " ind2=" ">
      <subfield code="a"> ADMINISTRACION PUBLICA</subfield>
    </datafield>
    <datafield tag="650" ind1=" " ind2=" ">
      <subfield code="a"> GESTION PUBLICA</subfield>
    </datafield>
    <datafield tag="942" ind1=" " ind2=" ">
      <subfield code="c">BK</subfield>
    </datafield>
    <datafield tag="952" ind1=" " ind2=" ">
      <subfield code="a">BIB_RECT</subfield>
      <subfield code="b">BIB_UARG</subfield>
      <subfield code="d">2013-11-06</subfield>
      <subfield code="y">BK</subfield>
      <subfield code="p">05-45769</subfield>
      <subfield code="i">05-45769</subfield>
      <subfield code="g">50</subfield>
      <subfield code="o">35.07 S485s</subfield>
      <subfield code="e">Acuerdo 413/13</subfield>
      <subfield code="8">CG</subfield>
    </datafield>
    <datafield tag="952" ind1=" " ind2=" ">
      <subfield code="a">BIB_RECT</subfield>
      <subfield code="b">BIB_UARG</subfield>
      <subfield code="d">2013-11-06</subfield>
      <subfield code="y">BK</subfield>
      <subfield code="p">05-45770</subfield>
      <subfield code="i">05-45770</subfield>
      <subfield code="g">50</subfield>
      <subfield code="o">35.07 S485s</subfield>
      <subfield code="e">Acuerdo 413/13</subfield>
      <subfield code="8">CG</subfield>
    </datafield>
  </record>