
  <record>
    <leader>01000aam  22002601a 4500</leader>
    <controlfield tag="001">YPZ98344</controlfield>
    <controlfield tag="003">YPZ</controlfield>
    <controlfield tag="005">201312110834300</controlfield>
    <controlfield tag="008">131211|###########||||||b||||||||||spa|d</controlfield>
    <datafield tag="020" ind1=" " ind2=" ">
      <subfield code="a">8496361659</subfield>
    </datafield>
    <datafield tag="040" ind1=" " ind2=" ">
      <subfield code="c">SIUNPA</subfield>
    </datafield>
    <datafield tag="041" ind1=" " ind2=" ">
      <subfield code="a">spa</subfield>
    </datafield>
    <datafield tag="044" ind1=" " ind2=" ">
      <subfield code="a">ES</subfield>
    </datafield>
    <datafield tag="080" ind1=" " ind2=" ">
      <subfield code="a">616.12 E569e3</subfield>
    </datafield>
    <datafield tag="245" ind1=" " ind2=" ">
      <subfield code="a">Enfermería medicoquirúrgica 4</subfield>
    </datafield>
    <datafield tag="250" ind1=" " ind2=" ">
      <subfield code="a">3a ed.</subfield>
    </datafield>
    <datafield tag="260" ind1=" " ind2=" ">
      <subfield code="a">Madrid</subfield>
      <subfield code="b"> : CTO</subfield>
      <subfield code="c"> , 2006</subfield>
    </datafield>
    <datafield tag="440" ind1=" " ind2=" ">
      <subfield code="a">Biblioteca básica universal</subfield>
      <subfield code="a">Colección teoría e investigación en las ciencias del hombre</subfield>
      <subfield code="a">Serie computación. El futuro hoy</subfield>
      <subfield code="a">Serie computación</subfield>
      <subfield code="a">Colección intersecciones</subfield>
      <subfield code="a">Manual CTO de medicina y cirugía</subfield>
      <subfield code="v">[v. 22]</subfield>
    </datafield>
    <datafield tag="490" ind1=" " ind2=" ">
      <subfield code="a">Biblioteca básica universal</subfield>
      <subfield code="a">Colección teoría e investigación en las ciencias del hombre</subfield>
      <subfield code="a">Serie computación. El futuro hoy</subfield>
      <subfield code="a">Serie computación</subfield>
      <subfield code="a">Colección intersecciones</subfield>
      <subfield code="a">Manual CTO de medicina y cirugía</subfield>
      <subfield code="v">[v. 22]</subfield>
    </datafield>
    <datafield tag="500" ind1=" " ind2=" ">
      <subfield code="a">Copy left: Agencia Española ISBN (Base de libros edit. en España)</subfield>
    </datafield>
    <datafield tag="650" ind1=" " ind2=" ">
      <subfield code="a"> SISTEMA CARDIOVASCULAR</subfield>
    </datafield>
    <datafield tag="650" ind1=" " ind2=" ">
      <subfield code="a"> ARRITMIA</subfield>
    </datafield>
    <datafield tag="650" ind1=" " ind2=" ">
      <subfield code="a"> ENFERMEDADES CARDIOVASCULARES</subfield>
    </datafield>
    <datafield tag="942" ind1=" " ind2=" ">
      <subfield code="c">BK</subfield>
    </datafield>
    <datafield tag="952" ind1=" " ind2=" ">
      <subfield code="a">BIB_RECT</subfield>
      <subfield code="b">BIB_UARG</subfield>
      <subfield code="d">2013-12-11</subfield>
      <subfield code="y">BK</subfield>
      <subfield code="p">05-45832</subfield>
      <subfield code="i">05-45832</subfield>
      <subfield code="g">30</subfield>
      <subfield code="o">616.12 E569e3</subfield>
      <subfield code="e">Donación</subfield>
      <subfield code="8">CG</subfield>
    </datafield>
  </record>