
  <record>
    <leader>01000aam  22002601a 4500</leader>
    <controlfield tag="001">YPZ98345</controlfield>
    <controlfield tag="003">YPZ</controlfield>
    <controlfield tag="005">201312110906310</controlfield>
    <controlfield tag="008">131211|###########||||||b||||||||||spa|d</controlfield>
    <datafield tag="020" ind1=" " ind2=" ">
      <subfield code="a">9781628082982</subfield>
    </datafield>
    <datafield tag="040" ind1=" " ind2=" ">
      <subfield code="c">SIUNPA</subfield>
    </datafield>
    <datafield tag="041" ind1=" " ind2=" ">
      <subfield code="a">eng</subfield>
    </datafield>
    <datafield tag="044" ind1=" " ind2=" ">
      <subfield code="a">US</subfield>
    </datafield>
    <datafield tag="080" ind1=" " ind2=" ">
      <subfield code="a">574 S837s</subfield>
    </datafield>
    <datafield tag="245" ind1=" " ind2=" ">
      <subfield code="a">Steppe ecosystems</subfield>
      <subfield code="b"> : biological diversity, management and restoration</subfield>
      <subfield code="c"> / Morales Prieto, Manuel B., ed. ; Traba Diaz, Juan, ed.</subfield>
    </datafield>
    <datafield tag="260" ind1=" " ind2=" ">
      <subfield code="a">New York, N.Y.</subfield>
      <subfield code="b"> : Nova Science Publishers,</subfield>
      <subfield code="c"> , 2013</subfield>
    </datafield>
    <datafield tag="650" ind1=" " ind2=" ">
      <subfield code="a"> BIODIVERSIDAD</subfield>
    </datafield>
    <datafield tag="650" ind1=" " ind2=" ">
      <subfield code="a"> ECOLOGIA DE RESTAURACION</subfield>
    </datafield>
    <datafield tag="650" ind1=" " ind2=" ">
      <subfield code="a"> DIVERSIDAD BIOLOGICA</subfield>
    </datafield>
    <datafield tag="505" ind1="0" ind2="0">
      <subfield code="g">p. 73-95</subfield>
      <subfield code="g">- BIODIVERSIDAD|- ARGENTINA</subfield>
      <subfield code="r">Peri, Pablo</subfield>
      <subfield code="t">Diversity Patterns in the Steppe of Argentinean Southern Patagonia:environmental drivers and impact of grazing</subfield>
    </datafield>
    <datafield tag="773" ind1="0" ind2="#">
      <subfield code="a">Peri, Pablo</subfield>
      <subfield code="g">- BIODIVERSIDAD|- ARGENTINA</subfield>
      <subfield code="h">p. 73-95</subfield>
      <subfield code="t">Diversity Patterns in the Steppe of Argentinean Southern Patagonia:environmental drivers and impact of grazing</subfield>
    </datafield>
    <datafield tag="942" ind1=" " ind2=" ">
      <subfield code="c">BK</subfield>
    </datafield>
    <datafield tag="952" ind1=" " ind2=" ">
      <subfield code="a">BIB_RECT</subfield>
      <subfield code="b">BIB_UARG</subfield>
      <subfield code="d">2013-12-11</subfield>
      <subfield code="y">BK</subfield>
      <subfield code="p">05-45827</subfield>
      <subfield code="i">05-45827</subfield>
      <subfield code="g">300</subfield>
      <subfield code="o">574 S837s</subfield>
      <subfield code="e">Peri, Pablo</subfield>
      <subfield code="8">CG</subfield>
    </datafield>
  </record>