
  <record>
    <leader>01000aam  22002601a 4500</leader>
    <controlfield tag="001">YPZ98347</controlfield>
    <controlfield tag="003">YPZ</controlfield>
    <controlfield tag="005">201312111008460</controlfield>
    <controlfield tag="008">131211|###########||||||b||||||||||spa|d</controlfield>
    <datafield tag="020" ind1=" " ind2=" ">
      <subfield code="a">9789870267386</subfield>
    </datafield>
    <datafield tag="040" ind1=" " ind2=" ">
      <subfield code="c">SIUNPA</subfield>
    </datafield>
    <datafield tag="041" ind1=" " ind2=" ">
      <subfield code="a">spa</subfield>
    </datafield>
    <datafield tag="044" ind1=" " ind2=" ">
      <subfield code="a">AR</subfield>
    </datafield>
    <datafield tag="080" ind1=" " ind2=" ">
      <subfield code="a">902 C329r</subfield>
    </datafield>
    <datafield tag="100" ind1=" " ind2=" ">
      <subfield code="a">Caruso Fermé, Laura.</subfield>
    </datafield>
    <datafield tag="245" ind1=" " ind2=" ">
      <subfield code="a">Los recursos vegetales en arqueología</subfield>
      <subfield code="b"> : estrategias de muestreo y estudio del material leñoso</subfield>
      <subfield code="c"> / Marconetto, Bernarda, corrección</subfield>
    </datafield>
    <datafield tag="260" ind1=" " ind2=" ">
      <subfield code="a">Buenos Aires</subfield>
      <subfield code="b"> : Dunken</subfield>
      <subfield code="c"> , 2013</subfield>
    </datafield>
    <datafield tag="650" ind1=" " ind2=" ">
      <subfield code="a"> ARQUEOLOGIA</subfield>
    </datafield>
    <datafield tag="942" ind1=" " ind2=" ">
      <subfield code="c">BK</subfield>
    </datafield>
    <datafield tag="952" ind1=" " ind2=" ">
      <subfield code="a">BIB_RECT</subfield>
      <subfield code="b">BIB_UARG</subfield>
      <subfield code="d">2013-12-11</subfield>
      <subfield code="y">BK</subfield>
      <subfield code="p">05-45828</subfield>
      <subfield code="i">05-45828</subfield>
      <subfield code="g">70</subfield>
      <subfield code="o">902 C329r</subfield>
      <subfield code="e">Caruso Fermé, Laura</subfield>
      <subfield code="8">CG</subfield>
    </datafield>
  </record>