
  <record>
    <leader>01000aam  22002601a 4500</leader>
    <controlfield tag="001">YPZ98348</controlfield>
    <controlfield tag="003">YPZ</controlfield>
    <controlfield tag="005">201312180816490</controlfield>
    <controlfield tag="008">131218|###########||||||b||||||||||spa|d</controlfield>
    <datafield tag="040" ind1=" " ind2=" ">
      <subfield code="c">SIUNPA</subfield>
    </datafield>
    <datafield tag="041" ind1=" " ind2=" ">
      <subfield code="a">spa</subfield>
    </datafield>
    <datafield tag="044" ind1=" " ind2=" ">
      <subfield code="a">MX</subfield>
    </datafield>
    <datafield tag="080" ind1=" " ind2=" ">
      <subfield code="a">537 J832j</subfield>
    </datafield>
    <datafield tag="100" ind1=" " ind2=" ">
      <subfield code="a">Josehp, Alexander.</subfield>
    </datafield>
    <datafield tag="700" ind1=" " ind2=" ">
      <subfield code="a">Leahy, Daniel J..</subfield>
    </datafield>
    <datafield tag="245" ind1=" " ind2=" ">
      <subfield code="a">Física programada</subfield>
      <subfield code="c"> / Rodriguez Caballero, Melchor, tr. ; Weckmann Muñoz, Oscar, colab. y tr. ; Medina Nicolau, Francisco, rev. ; Razo Morales, Lorenzo, rev. y tr.</subfield>
    </datafield>
    <datafield tag="250" ind1=" " ind2=" ">
      <subfield code="a">1a ed.</subfield>
    </datafield>
    <datafield tag="260" ind1=" " ind2=" ">
      <subfield code="a">México, D.F.</subfield>
      <subfield code="b"> : Limusa-Wiley</subfield>
      <subfield code="c"> , 1969-1970-1973</subfield>
    </datafield>
    <datafield tag="500" ind1=" " ind2=" ">
      <subfield code="a">La biblioteca posee v. 1-2, 4-5</subfield>
    </datafield>
    <datafield tag="500" ind1=" " ind2=" ">
      <subfield code="a">El año de impresión varía según el ejemplar</subfield>
    </datafield>
    <datafield tag="650" ind1=" " ind2=" ">
      <subfield code="a"> FISICA</subfield>
    </datafield>
    <datafield tag="650" ind1=" " ind2=" ">
      <subfield code="a"> MAGNETISMO</subfield>
    </datafield>
    <datafield tag="650" ind1=" " ind2=" ">
      <subfield code="a"> ELECTRICIDAD</subfield>
    </datafield>
    <datafield tag="650" ind1=" " ind2=" ">
      <subfield code="a"> CINEMATICA</subfield>
    </datafield>
    <datafield tag="942" ind1=" " ind2=" ">
      <subfield code="c">BK</subfield>
    </datafield>
    <datafield tag="952" ind1=" " ind2=" ">
      <subfield code="a">BIB_RECT</subfield>
      <subfield code="b">BIB_UACO</subfield>
      <subfield code="d">2013-12-18</subfield>
      <subfield code="y">BK</subfield>
      <subfield code="p">02-00085</subfield>
      <subfield code="i">02-00085</subfield>
      <subfield code="g">140</subfield>
      <subfield code="o">537 J832j</subfield>
      <subfield code="e">Prof. Selvestrel, Mario</subfield>
      <subfield code="8">CG</subfield>
    </datafield>
    <datafield tag="952" ind1=" " ind2=" ">
      <subfield code="a">BIB_RECT</subfield>
      <subfield code="b">BIB_UACO</subfield>
      <subfield code="d">2013-12-18</subfield>
      <subfield code="y">BK</subfield>
      <subfield code="p">02-00086</subfield>
      <subfield code="i">02-00086</subfield>
      <subfield code="g">140</subfield>
      <subfield code="o">537 J832j</subfield>
      <subfield code="e">Prof. Selvestrel, Mario</subfield>
      <subfield code="8">CG</subfield>
    </datafield>
    <datafield tag="952" ind1=" " ind2=" ">
      <subfield code="a">BIB_RECT</subfield>
      <subfield code="b">BIB_UACO</subfield>
      <subfield code="d">2013-12-18</subfield>
      <subfield code="y">BK</subfield>
      <subfield code="p">02-00087</subfield>
      <subfield code="i">02-00087</subfield>
      <subfield code="g">140</subfield>
      <subfield code="o">537 J832j</subfield>
      <subfield code="e">Prof. Selvestrel, Mario</subfield>
      <subfield code="8">CG</subfield>
    </datafield>
    <datafield tag="952" ind1=" " ind2=" ">
      <subfield code="a">BIB_RECT</subfield>
      <subfield code="b">BIB_UACO</subfield>
      <subfield code="d">2013-12-18</subfield>
      <subfield code="y">BK</subfield>
      <subfield code="p">02-00088</subfield>
      <subfield code="i">02-00088</subfield>
      <subfield code="g">140</subfield>
      <subfield code="o">537 J832j</subfield>
      <subfield code="e">Prof. Selvestrel, Mario</subfield>
      <subfield code="8">CG</subfield>
    </datafield>
  </record>