
  <record>
    <leader>01000aam  22002601a 4500</leader>
    <controlfield tag="001">YPZ98350</controlfield>
    <controlfield tag="003">YPZ</controlfield>
    <controlfield tag="005">201402121710390</controlfield>
    <controlfield tag="008">140212|###########||||||b||||||||||spa|d</controlfield>
    <datafield tag="020" ind1=" " ind2=" ">
      <subfield code="a">9789871242948</subfield>
    </datafield>
    <datafield tag="040" ind1=" " ind2=" ">
      <subfield code="c">SIUNPA</subfield>
    </datafield>
    <datafield tag="041" ind1=" " ind2=" ">
      <subfield code="a">spa</subfield>
    </datafield>
    <datafield tag="044" ind1=" " ind2=" ">
      <subfield code="a">AR</subfield>
    </datafield>
    <datafield tag="080" ind1=" " ind2=" ">
      <subfield code="a">551.4.038 G345g</subfield>
    </datafield>
    <datafield tag="100" ind1=" " ind2=" ">
      <subfield code="a">Kokot, Roberto.</subfield>
    </datafield>
    <datafield tag="700" ind1=" " ind2=" ">
      <subfield code="a">Walker, Pablo, coautor.</subfield>
    </datafield>
    <datafield tag="700" ind1=" " ind2=" ">
      <subfield code="a">Scavuzzo, Viviana, coautor.</subfield>
    </datafield>
    <datafield tag="700" ind1=" " ind2=" ">
      <subfield code="a">Collm, Natalia, coautor.</subfield>
    </datafield>
    <datafield tag="245" ind1=" " ind2=" ">
      <subfield code="a">Geología costera</subfield>
      <subfield code="c"> / Scavuzzo, Viviana, rev. total ; Collm, Natalia, coord. y rev. total ; Tchara, Claudia Malik de, corrección de estilo ; Melián, Yanina, corrección de estilo ; Moscardi, Carla, cartografía ; Walker, Pablo, fot. y ed. ; Kokot, Roberto, fot. ; Troncoso, Cristian, fot.</subfield>
    </datafield>
    <datafield tag="260" ind1=" " ind2=" ">
      <subfield code="a">Río gallegos</subfield>
      <subfield code="b"> : Universidad Nacional de la Patagonia Austral, UNPAedita</subfield>
      <subfield code="c"> , 2013</subfield>
    </datafield>
    <datafield tag="500" ind1=" " ind2=" ">
      <subfield code="a">En cub. y portada: Guía temática de San Julián</subfield>
    </datafield>
    <datafield tag="650" ind1=" " ind2=" ">
      <subfield code="a"> GEOLOGIA  GEOMORFOLOGIA</subfield>
    </datafield>
    <datafield tag="650" ind1=" " ind2=" ">
      <subfield code="a"> COSTAS </subfield>
    </datafield>
    <datafield tag="650" ind1=" " ind2=" ">
      <subfield code="a"> GUIA FOTOGRAFICA</subfield>
    </datafield>
    <datafield tag="650" ind1=" " ind2=" ">
      <subfield code="a"> SANTA CRUZ (ARGENTINA)</subfield>
    </datafield>
    <datafield tag="942" ind1=" " ind2=" ">
      <subfield code="c">BK</subfield>
    </datafield>
    <datafield tag="952" ind1=" " ind2=" ">
      <subfield code="a">BIB_RECT</subfield>
      <subfield code="b">BIB_UACO</subfield>
      <subfield code="d">2014-02-12</subfield>
      <subfield code="y">BK</subfield>
      <subfield code="p">02-45848</subfield>
      <subfield code="i">02-45848</subfield>
      <subfield code="g">120</subfield>
      <subfield code="o">551.4.038 G345g</subfield>
      <subfield code="e">Secretaría de Extensión</subfield>
      <subfield code="8">CG</subfield>
    </datafield>
    <datafield tag="952" ind1=" " ind2=" ">
      <subfield code="a">BIB_RECT</subfield>
      <subfield code="b">BIB_UACO</subfield>
      <subfield code="d">2014-02-12</subfield>
      <subfield code="y">BK</subfield>
      <subfield code="p">02-45849</subfield>
      <subfield code="i">02-45849</subfield>
      <subfield code="g">120</subfield>
      <subfield code="o">551.4.038 G345g</subfield>
      <subfield code="e">Secretaría de Extensión</subfield>
      <subfield code="8">CG</subfield>
    </datafield>
    <datafield tag="952" ind1=" " ind2=" ">
      <subfield code="a">BIB_RECT</subfield>
      <subfield code="b">BIB_UACO</subfield>
      <subfield code="d">2014-02-12</subfield>
      <subfield code="y">BK</subfield>
      <subfield code="p">02-45850</subfield>
      <subfield code="i">02-45850</subfield>
      <subfield code="g">120</subfield>
      <subfield code="o">551.4.038 G345g</subfield>
      <subfield code="e">Secretaría de Extensión</subfield>
      <subfield code="8">CG</subfield>
    </datafield>
    <datafield tag="952" ind1=" " ind2=" ">
      <subfield code="a">BIB_RECT</subfield>
      <subfield code="b">BIB_UACO</subfield>
      <subfield code="d">2016-06-03</subfield>
      <subfield code="y">BK</subfield>
      <subfield code="p">02-48061</subfield>
      <subfield code="i">02-48061</subfield>
      <subfield code="g">95</subfield>
      <subfield code="o">551.4.038 G345g</subfield>
      <subfield code="e">Canje SIUNPA</subfield>
      <subfield code="8">CG</subfield>
    </datafield>
    <datafield tag="952" ind1=" " ind2=" ">
      <subfield code="a">BIB_RECT</subfield>
      <subfield code="b">BIB_UART</subfield>
      <subfield code="d">2014-02-13</subfield>
      <subfield code="y">BK</subfield>
      <subfield code="p">03-45867</subfield>
      <subfield code="i">03-45867</subfield>
      <subfield code="g">120</subfield>
      <subfield code="o">551.4.038 G345g</subfield>
      <subfield code="e">Sec. de Extensión</subfield>
      <subfield code="8">CG</subfield>
    </datafield>
    <datafield tag="952" ind1=" " ind2=" ">
      <subfield code="a">BIB_RECT</subfield>
      <subfield code="b">BIB_UART</subfield>
      <subfield code="d">2014-02-13</subfield>
      <subfield code="y">BK</subfield>
      <subfield code="p">03-45868</subfield>
      <subfield code="i">03-45868</subfield>
      <subfield code="g">120</subfield>
      <subfield code="o">551.4.038 G345g</subfield>
      <subfield code="e">Sec. de Extensión</subfield>
      <subfield code="8">CG</subfield>
    </datafield>
    <datafield tag="952" ind1=" " ind2=" ">
      <subfield code="a">BIB_RECT</subfield>
      <subfield code="b">BIB_UASJ</subfield>
      <subfield code="d">2014-02-14</subfield>
      <subfield code="y">BK</subfield>
      <subfield code="p">04-45858</subfield>
      <subfield code="i">04-45858</subfield>
      <subfield code="g">120</subfield>
      <subfield code="o">551.4.038 G345g</subfield>
      <subfield code="e">Secretaría de Extensión</subfield>
      <subfield code="8">CG</subfield>
    </datafield>
    <datafield tag="952" ind1=" " ind2=" ">
      <subfield code="a">BIB_RECT</subfield>
      <subfield code="b">BIB_UASJ</subfield>
      <subfield code="d">2014-02-12</subfield>
      <subfield code="y">BK</subfield>
      <subfield code="p">04-45859</subfield>
      <subfield code="i">04-45859</subfield>
      <subfield code="g">120</subfield>
      <subfield code="o">551.4.038 G345g</subfield>
      <subfield code="e">Secretaría de Extensión</subfield>
      <subfield code="8">CG</subfield>
    </datafield>
    <datafield tag="952" ind1=" " ind2=" ">
      <subfield code="a">BIB_RECT</subfield>
      <subfield code="b">BIB_UASJ</subfield>
      <subfield code="d">2014-02-12</subfield>
      <subfield code="y">BK</subfield>
      <subfield code="p">04-45860</subfield>
      <subfield code="i">04-45860</subfield>
      <subfield code="g">120</subfield>
      <subfield code="o">551.4.038 G345g</subfield>
      <subfield code="e">Secretaría de Extensión</subfield>
      <subfield code="8">CG</subfield>
    </datafield>
    <datafield tag="952" ind1=" " ind2=" ">
      <subfield code="a">BIB_RECT</subfield>
      <subfield code="b">BIB_UARG</subfield>
      <subfield code="d">2014-02-14</subfield>
      <subfield code="y">BK</subfield>
      <subfield code="p">05-45878</subfield>
      <subfield code="i">05-45878</subfield>
      <subfield code="g">120</subfield>
      <subfield code="o">551.4.038 G345g</subfield>
      <subfield code="e">Sec. de Extensión</subfield>
      <subfield code="8">CG</subfield>
    </datafield>
    <datafield tag="952" ind1=" " ind2=" ">
      <subfield code="a">BIB_RECT</subfield>
      <subfield code="b">BIB_UARG</subfield>
      <subfield code="d">2014-02-14</subfield>
      <subfield code="y">BK</subfield>
      <subfield code="p">05-45879</subfield>
      <subfield code="i">05-45879</subfield>
      <subfield code="g">120</subfield>
      <subfield code="o">551.4.038 G345g</subfield>
      <subfield code="e">Sec. de Extensión</subfield>
      <subfield code="8">CG</subfield>
    </datafield>
    <datafield tag="952" ind1=" " ind2=" ">
      <subfield code="a">BIB_RECT</subfield>
      <subfield code="b">BIB_UARG</subfield>
      <subfield code="d">2014-02-14</subfield>
      <subfield code="y">BK</subfield>
      <subfield code="p">05-45880</subfield>
      <subfield code="i">05-45880</subfield>
      <subfield code="g">120</subfield>
      <subfield code="o">551.4.038 G345g</subfield>
      <subfield code="e">Sec. de Extensión</subfield>
      <subfield code="8">CG</subfield>
    </datafield>
    <datafield tag="952" ind1=" " ind2=" ">
      <subfield code="a">BIB_RECT</subfield>
      <subfield code="b">SAT_TRUN</subfield>
      <subfield code="d">2014-02-14</subfield>
      <subfield code="y">BK</subfield>
      <subfield code="p">10-45884</subfield>
      <subfield code="i">10-45884</subfield>
      <subfield code="g">120</subfield>
      <subfield code="o">551.4.038 G345g</subfield>
      <subfield code="e">Secretaría de Extensión</subfield>
      <subfield code="8">CG</subfield>
    </datafield>
    <datafield tag="952" ind1=" " ind2=" ">
      <subfield code="a">BIB_RECT</subfield>
      <subfield code="b">SAT_PBNA</subfield>
      <subfield code="d">2014-02-14</subfield>
      <subfield code="y">BK</subfield>
      <subfield code="p">11-45888</subfield>
      <subfield code="i">11-45888</subfield>
      <subfield code="g">120</subfield>
      <subfield code="o">551.4.038 G345g</subfield>
      <subfield code="e">Secretaría de Extensión</subfield>
      <subfield code="8">CG</subfield>
    </datafield>
    <datafield tag="952" ind1=" " ind2=" ">
      <subfield code="a">BIB_RECT</subfield>
      <subfield code="b">SAT_CLFT</subfield>
      <subfield code="d">2014-02-14</subfield>
      <subfield code="y">BK</subfield>
      <subfield code="p">12-45896</subfield>
      <subfield code="i">12-45896</subfield>
      <subfield code="g">120</subfield>
      <subfield code="o">551.4.038 G345g</subfield>
      <subfield code="e">Secretaría de Extensión</subfield>
      <subfield code="8">CG</subfield>
    </datafield>
    <datafield tag="952" ind1=" " ind2=" ">
      <subfield code="a">BIB_RECT</subfield>
      <subfield code="b">SAT_PMDN </subfield>
      <subfield code="d">2014-02-14</subfield>
      <subfield code="y">BK</subfield>
      <subfield code="p">15-45892</subfield>
      <subfield code="i">15-45892</subfield>
      <subfield code="g">120</subfield>
      <subfield code="o">551.4.038 G345g</subfield>
      <subfield code="e">Secretaría de Extensión</subfield>
      <subfield code="8">CG</subfield>
    </datafield>
    <datafield tag="952" ind1=" " ind2=" ">
      <subfield code="a">BIB_RECT</subfield>
      <subfield code="b">SAT_PDES</subfield>
      <subfield code="d">2014-02-14</subfield>
      <subfield code="y">BK</subfield>
      <subfield code="p">16-45900</subfield>
      <subfield code="i">16-45900</subfield>
      <subfield code="g">120</subfield>
      <subfield code="o">551.4.038 G345g</subfield>
      <subfield code="e">Sec. de Extensión</subfield>
      <subfield code="8">CG</subfield>
    </datafield>
    <datafield tag="952" ind1=" " ind2=" ">
      <subfield code="a">BIB_RECT</subfield>
      <subfield code="b">SAT_RGRA</subfield>
      <subfield code="d">2014-02-14</subfield>
      <subfield code="y">BK</subfield>
      <subfield code="p">17-45904</subfield>
      <subfield code="i">17-45904</subfield>
      <subfield code="g">120</subfield>
      <subfield code="o">551.4.038 G345g</subfield>
      <subfield code="e">Sec. de Extensión</subfield>
      <subfield code="8">CG</subfield>
    </datafield>
    <datafield tag="952" ind1=" " ind2=" ">
      <subfield code="a">BIB_RECT</subfield>
      <subfield code="b">SAT_GREG</subfield>
      <subfield code="d">2014-02-14</subfield>
      <subfield code="y">BK</subfield>
      <subfield code="p">18-45912</subfield>
      <subfield code="i">18-45912</subfield>
      <subfield code="g">120</subfield>
      <subfield code="o">551.4.038 G345g</subfield>
      <subfield code="e">Sec. de Extensión</subfield>
      <subfield code="8">CG</subfield>
    </datafield>
    <datafield tag="952" ind1=" " ind2=" ">
      <subfield code="a">BIB_RECT</subfield>
      <subfield code="b">BIB_UARG</subfield>
      <subfield code="d">2014-02-14</subfield>
      <subfield code="y">BK</subfield>
      <subfield code="p">19-45908</subfield>
      <subfield code="i">19-45908</subfield>
      <subfield code="g">120</subfield>
      <subfield code="o">551.4.038 G345g</subfield>
      <subfield code="e">Sec. de Extensión</subfield>
      <subfield code="8">CG</subfield>
    </datafield>
  </record>