
  <record>
    <leader>01000aam  22002601a 4500</leader>
    <controlfield tag="001">YPZ98351</controlfield>
    <controlfield tag="003">YPZ</controlfield>
    <controlfield tag="005">201402131606030</controlfield>
    <controlfield tag="008">140213|###########||||||b||||||||||spa|d</controlfield>
    <datafield tag="020" ind1=" " ind2=" ">
      <subfield code="a">9789871242870</subfield>
    </datafield>
    <datafield tag="040" ind1=" " ind2=" ">
      <subfield code="c">SIUNPA</subfield>
    </datafield>
    <datafield tag="041" ind1=" " ind2=" ">
      <subfield code="a">spa</subfield>
    </datafield>
    <datafield tag="044" ind1=" " ind2=" ">
      <subfield code="a">AR</subfield>
    </datafield>
    <datafield tag="080" ind1=" " ind2=" ">
      <subfield code="a">316.472.4 N322a</subfield>
    </datafield>
    <datafield tag="100" ind1=" " ind2=" ">
      <subfield code="a">Navarro, Gustavo Urbano.</subfield>
    </datafield>
    <datafield tag="245" ind1=" " ind2=" ">
      <subfield code="a">Análisis de redes sociales implementadas sobre software libre</subfield>
      <subfield code="b"> : aplicación a la comunidad de pescadores artesanales de la zona centro de la provincia de Santa Cruz</subfield>
    </datafield>
    <datafield tag="250" ind1=" " ind2=" ">
      <subfield code="a">1a ed.</subfield>
    </datafield>
    <datafield tag="260" ind1=" " ind2=" ">
      <subfield code="a">Río Gallegos</subfield>
      <subfield code="b"> : Universidad Nacional de la Patagonia Austral, UNPAedita</subfield>
      <subfield code="c"> , 2013</subfield>
    </datafield>
    <datafield tag="650" ind1=" " ind2=" ">
      <subfield code="a"> REDES SOCIALES</subfield>
    </datafield>
    <datafield tag="650" ind1=" " ind2=" ">
      <subfield code="a"> RELACIONES SOCIALES </subfield>
    </datafield>
    <datafield tag="650" ind1=" " ind2=" ">
      <subfield code="a"> INTERNET</subfield>
    </datafield>
    <datafield tag="650" ind1=" " ind2=" ">
      <subfield code="a"> COMUNICACION MEDIADA POR COMPUTADOR</subfield>
    </datafield>
    <datafield tag="650" ind1=" " ind2=" ">
      <subfield code="a"> TECNOLOGIA DE LA COMUNICACION</subfield>
    </datafield>
    <datafield tag="942" ind1=" " ind2=" ">
      <subfield code="c">BK</subfield>
    </datafield>
    <datafield tag="952" ind1=" " ind2=" ">
      <subfield code="a">BIB_RECT</subfield>
      <subfield code="b">BIB_UACO</subfield>
      <subfield code="d">2014-02-12</subfield>
      <subfield code="y">BK</subfield>
      <subfield code="p">02-45844</subfield>
      <subfield code="i">02-45844</subfield>
      <subfield code="g">60</subfield>
      <subfield code="o">316.472.4 N322a</subfield>
      <subfield code="e">Secretaría de Extensión</subfield>
      <subfield code="8">CG</subfield>
    </datafield>
    <datafield tag="952" ind1=" " ind2=" ">
      <subfield code="a">BIB_RECT</subfield>
      <subfield code="b">BIB_UACO</subfield>
      <subfield code="d">2014-02-12</subfield>
      <subfield code="y">BK</subfield>
      <subfield code="p">02-45845</subfield>
      <subfield code="i">02-45845</subfield>
      <subfield code="g">60</subfield>
      <subfield code="o">316.472.4 N322a</subfield>
      <subfield code="e">Secretaría de Extensión</subfield>
      <subfield code="8">CG</subfield>
    </datafield>
    <datafield tag="952" ind1=" " ind2=" ">
      <subfield code="a">BIB_RECT</subfield>
      <subfield code="b">BIB_UACO</subfield>
      <subfield code="d">2014-02-12</subfield>
      <subfield code="y">BK</subfield>
      <subfield code="p">02-45846</subfield>
      <subfield code="i">02-45846</subfield>
      <subfield code="g">60</subfield>
      <subfield code="o">316.472.4 N322a</subfield>
      <subfield code="e">Secretaría de Extensión</subfield>
      <subfield code="8">CG</subfield>
    </datafield>
    <datafield tag="952" ind1=" " ind2=" ">
      <subfield code="a">BIB_RECT</subfield>
      <subfield code="b">BIB_UARG</subfield>
      <subfield code="d">2014-02-12</subfield>
      <subfield code="y">BK</subfield>
      <subfield code="p">02-45847</subfield>
      <subfield code="i">02-45847</subfield>
      <subfield code="g">60</subfield>
      <subfield code="o">316.472.4 N322a</subfield>
      <subfield code="e">Secretaría de Extensión</subfield>
      <subfield code="8">CG</subfield>
    </datafield>
    <datafield tag="952" ind1=" " ind2=" ">
      <subfield code="a">BIB_RECT</subfield>
      <subfield code="b">BIB_UART</subfield>
      <subfield code="d">2014-02-14</subfield>
      <subfield code="y">BK</subfield>
      <subfield code="p">03-45863</subfield>
      <subfield code="i">03-45863</subfield>
      <subfield code="g">60</subfield>
      <subfield code="o">316.472.4 N322a</subfield>
      <subfield code="e">Sec. de Extensión</subfield>
      <subfield code="8">CG</subfield>
    </datafield>
    <datafield tag="952" ind1=" " ind2=" ">
      <subfield code="a">BIB_RECT</subfield>
      <subfield code="b">BIB_UART</subfield>
      <subfield code="d">2014-02-14</subfield>
      <subfield code="y">BK</subfield>
      <subfield code="p">03-45864</subfield>
      <subfield code="i">03-45864</subfield>
      <subfield code="g">60</subfield>
      <subfield code="o">316.472.4 N322a</subfield>
      <subfield code="e">Sec. de Extensión</subfield>
      <subfield code="8">CG</subfield>
    </datafield>
    <datafield tag="952" ind1=" " ind2=" ">
      <subfield code="a">BIB_RECT</subfield>
      <subfield code="b">BIB_UASJ</subfield>
      <subfield code="d">2014-02-12</subfield>
      <subfield code="y">BK</subfield>
      <subfield code="p">04-45852</subfield>
      <subfield code="i">04-45852</subfield>
      <subfield code="g">60</subfield>
      <subfield code="o">316.472.4 N322a</subfield>
      <subfield code="e">Secretaría de Extensión</subfield>
      <subfield code="8">CG</subfield>
    </datafield>
    <datafield tag="952" ind1=" " ind2=" ">
      <subfield code="a">BIB_RECT</subfield>
      <subfield code="b">BIB_UASJ</subfield>
      <subfield code="d">2014-02-12</subfield>
      <subfield code="y">BK</subfield>
      <subfield code="p">04-45853</subfield>
      <subfield code="i">04-45853</subfield>
      <subfield code="g">60</subfield>
      <subfield code="o">316.472.4 N322a</subfield>
      <subfield code="e">Secretaría de Extensión</subfield>
      <subfield code="8">CG</subfield>
    </datafield>
    <datafield tag="952" ind1=" " ind2=" ">
      <subfield code="a">BIB_RECT</subfield>
      <subfield code="b">BIB_UARG</subfield>
      <subfield code="d">2014-02-14</subfield>
      <subfield code="y">BK</subfield>
      <subfield code="p">05-45871</subfield>
      <subfield code="i">05-45871</subfield>
      <subfield code="g">60</subfield>
      <subfield code="o">316.472.4 N322a</subfield>
      <subfield code="e">Sec. de Extensión</subfield>
      <subfield code="8">CG</subfield>
    </datafield>
    <datafield tag="952" ind1=" " ind2=" ">
      <subfield code="a">BIB_RECT</subfield>
      <subfield code="b">BIB_UARG</subfield>
      <subfield code="d">2014-02-14</subfield>
      <subfield code="y">BK</subfield>
      <subfield code="p">05-45872</subfield>
      <subfield code="i">05-45872</subfield>
      <subfield code="g">60</subfield>
      <subfield code="o">316.472.4 N322a</subfield>
      <subfield code="e">Sec. de Extensión</subfield>
      <subfield code="8">CG</subfield>
    </datafield>
    <datafield tag="952" ind1=" " ind2=" ">
      <subfield code="a">BIB_RECT</subfield>
      <subfield code="b">BIB_UARG</subfield>
      <subfield code="d">2014-02-14</subfield>
      <subfield code="y">BK</subfield>
      <subfield code="p">05-45873</subfield>
      <subfield code="i">05-45873</subfield>
      <subfield code="g">60</subfield>
      <subfield code="o">316.472.4 N322a</subfield>
      <subfield code="e">Sec. de Extensión</subfield>
      <subfield code="8">CG</subfield>
    </datafield>
    <datafield tag="952" ind1=" " ind2=" ">
      <subfield code="a">BIB_RECT</subfield>
      <subfield code="b">SAT_TRUN</subfield>
      <subfield code="d">2014-02-14</subfield>
      <subfield code="y">BK</subfield>
      <subfield code="p">10-45882</subfield>
      <subfield code="i">10-45882</subfield>
      <subfield code="g">60</subfield>
      <subfield code="o">316.472.4 N322a</subfield>
      <subfield code="e">Secretaría de Extensión</subfield>
      <subfield code="8">CG</subfield>
    </datafield>
    <datafield tag="952" ind1=" " ind2=" ">
      <subfield code="a">BIB_RECT</subfield>
      <subfield code="b">SAT_PBNA</subfield>
      <subfield code="d">2014-02-14</subfield>
      <subfield code="y">BK</subfield>
      <subfield code="p">11-45886</subfield>
      <subfield code="i">11-45886</subfield>
      <subfield code="g">60</subfield>
      <subfield code="o">316.472.4 N322a</subfield>
      <subfield code="e">Secretaría de Extensión</subfield>
      <subfield code="8">CG</subfield>
    </datafield>
    <datafield tag="952" ind1=" " ind2=" ">
      <subfield code="a">BIB_RECT</subfield>
      <subfield code="b">SAT_CLFT</subfield>
      <subfield code="d">2014-02-14</subfield>
      <subfield code="y">BK</subfield>
      <subfield code="p">12-45894</subfield>
      <subfield code="i">12-45894</subfield>
      <subfield code="g">60</subfield>
      <subfield code="o">316.472.4 N322a</subfield>
      <subfield code="e">Secretaría de Extensión</subfield>
      <subfield code="8">CG</subfield>
    </datafield>
    <datafield tag="952" ind1=" " ind2=" ">
      <subfield code="a">BIB_RECT</subfield>
      <subfield code="b">SAT_PMDN </subfield>
      <subfield code="d">2014-02-15</subfield>
      <subfield code="y">BK</subfield>
      <subfield code="p">15-45890</subfield>
      <subfield code="i">15-45890</subfield>
      <subfield code="g">60</subfield>
      <subfield code="o">316.472.4 N322a</subfield>
      <subfield code="e">Secretaría de Extensión</subfield>
      <subfield code="8">CG</subfield>
    </datafield>
    <datafield tag="952" ind1=" " ind2=" ">
      <subfield code="a">BIB_RECT</subfield>
      <subfield code="b">SAT_PDES</subfield>
      <subfield code="d">2014-02-14</subfield>
      <subfield code="y">BK</subfield>
      <subfield code="p">16-45899</subfield>
      <subfield code="i">16-45899</subfield>
      <subfield code="g">60</subfield>
      <subfield code="o">316.472.4 N322a</subfield>
      <subfield code="e">Sec. de Extensión</subfield>
      <subfield code="8">CG</subfield>
    </datafield>
    <datafield tag="952" ind1=" " ind2=" ">
      <subfield code="a">BIB_RECT</subfield>
      <subfield code="b">SAT_RGRA</subfield>
      <subfield code="d">2014-02-14</subfield>
      <subfield code="y">BK</subfield>
      <subfield code="p">17-45902</subfield>
      <subfield code="i">17-45902</subfield>
      <subfield code="g">60</subfield>
      <subfield code="o">316.472.4 N322a</subfield>
      <subfield code="e">Sec. de Extensión</subfield>
      <subfield code="8">CG</subfield>
    </datafield>
    <datafield tag="952" ind1=" " ind2=" ">
      <subfield code="a">BIB_RECT</subfield>
      <subfield code="b">SAT_GREG</subfield>
      <subfield code="d">2014-02-14</subfield>
      <subfield code="y">BK</subfield>
      <subfield code="p">18-45910</subfield>
      <subfield code="i">18-45910</subfield>
      <subfield code="g">60</subfield>
      <subfield code="o">316.472.4 N322a</subfield>
      <subfield code="e">Sec. de Extensión</subfield>
      <subfield code="8">CG</subfield>
    </datafield>
    <datafield tag="952" ind1=" " ind2=" ">
      <subfield code="a">BIB_RECT</subfield>
      <subfield code="b">SAT_USHU</subfield>
      <subfield code="d">2014-02-14</subfield>
      <subfield code="y">BK</subfield>
      <subfield code="p">19-45906</subfield>
      <subfield code="i">19-45906</subfield>
      <subfield code="g">60</subfield>
      <subfield code="o">316.472.4 N322a</subfield>
      <subfield code="e">Sec. de Extensión</subfield>
      <subfield code="8">CG</subfield>
    </datafield>
  </record>