
  <record>
    <leader>01000aam  22002601a 4500</leader>
    <controlfield tag="001">YPZ98352</controlfield>
    <controlfield tag="003">YPZ</controlfield>
    <controlfield tag="005">201402131633260</controlfield>
    <controlfield tag="008">140213|###########||||||b||||||||||spa|d</controlfield>
    <datafield tag="020" ind1=" " ind2=" ">
      <subfield code="a">9789871242856</subfield>
    </datafield>
    <datafield tag="040" ind1=" " ind2=" ">
      <subfield code="c">SIUNPA</subfield>
    </datafield>
    <datafield tag="041" ind1=" " ind2=" ">
      <subfield code="a">spa</subfield>
    </datafield>
    <datafield tag="044" ind1=" " ind2=" ">
      <subfield code="a">AR</subfield>
    </datafield>
    <datafield tag="080" ind1=" " ind2=" ">
      <subfield code="a">37.035.3 N964n</subfield>
    </datafield>
    <datafield tag="245" ind1=" " ind2=" ">
      <subfield code="a">Nuevas tecnologías, nuevos escenarios educativos y laborales en la zona norte de Santa Cruz</subfield>
      <subfield code="b"> : cambios en el mundo de la educación y el trabajo</subfield>
      <subfield code="c"> / Galaretto, Martha Helena, comp. ; Romero, Julio César, comp. ; Barrionuevo, Raúl Matías, comp. ; Sotelo, Lucrecia Agustina, comp.</subfield>
    </datafield>
    <datafield tag="250" ind1=" " ind2=" ">
      <subfield code="a">1a ed.</subfield>
    </datafield>
    <datafield tag="260" ind1=" " ind2=" ">
      <subfield code="a">Río Gallegos</subfield>
      <subfield code="b"> : Universidad Nacional de la Patagonia Austral, UNPAedita</subfield>
      <subfield code="c"> , 2013</subfield>
    </datafield>
    <datafield tag="650" ind1=" " ind2=" ">
      <subfield code="a"> EDUCACION Y EMPLEO</subfield>
    </datafield>
    <datafield tag="650" ind1=" " ind2=" ">
      <subfield code="a"> MERCADO DE TRABAJO</subfield>
    </datafield>
    <datafield tag="650" ind1=" " ind2=" ">
      <subfield code="a"> EDUCACION PARA EL TRABAJO</subfield>
    </datafield>
    <datafield tag="650" ind1=" " ind2=" ">
      <subfield code="a"> NUEVAS TECNOLOGIAS</subfield>
    </datafield>
    <datafield tag="650" ind1=" " ind2=" ">
      <subfield code="a"> EDUCACION A DISTANCIA</subfield>
    </datafield>
    <datafield tag="942" ind1=" " ind2=" ">
      <subfield code="c">BK</subfield>
    </datafield>
    <datafield tag="952" ind1=" " ind2=" ">
      <subfield code="a">BIB_RECT</subfield>
      <subfield code="b">BIB_UACO</subfield>
      <subfield code="d">2014-02-12</subfield>
      <subfield code="y">BK</subfield>
      <subfield code="p">02-45841</subfield>
      <subfield code="i">02-45841</subfield>
      <subfield code="g">40</subfield>
      <subfield code="o">37.035.3 N964n</subfield>
      <subfield code="e">Secretaría de Extensión</subfield>
      <subfield code="8">CG</subfield>
    </datafield>
    <datafield tag="952" ind1=" " ind2=" ">
      <subfield code="a">BIB_RECT</subfield>
      <subfield code="b">BIB_UACO</subfield>
      <subfield code="d">2014-02-12</subfield>
      <subfield code="y">BK</subfield>
      <subfield code="p">02-45842</subfield>
      <subfield code="i">02-45842</subfield>
      <subfield code="g">40</subfield>
      <subfield code="o">37.035.3 N964n</subfield>
      <subfield code="e">Secretaría de Extensión</subfield>
      <subfield code="8">CG</subfield>
    </datafield>
    <datafield tag="952" ind1=" " ind2=" ">
      <subfield code="a">BIB_RECT</subfield>
      <subfield code="b">BIB_UACO</subfield>
      <subfield code="d">2014-02-12</subfield>
      <subfield code="y">BK</subfield>
      <subfield code="p">02-45843</subfield>
      <subfield code="i">02-45843</subfield>
      <subfield code="g">40</subfield>
      <subfield code="o">37.035.3 N964n</subfield>
      <subfield code="e">Secretaría de Extensión</subfield>
      <subfield code="8">CG</subfield>
    </datafield>
    <datafield tag="952" ind1=" " ind2=" ">
      <subfield code="a">BIB_RECT</subfield>
      <subfield code="b">BIB_UART</subfield>
      <subfield code="d">2014-02-14</subfield>
      <subfield code="y">BK</subfield>
      <subfield code="p">03-45865</subfield>
      <subfield code="i">03-45865</subfield>
      <subfield code="g">40</subfield>
      <subfield code="o">37.035.3 N964n</subfield>
      <subfield code="e">Sec. de Extensión</subfield>
      <subfield code="8">CG</subfield>
    </datafield>
    <datafield tag="952" ind1=" " ind2=" ">
      <subfield code="a">BIB_RECT</subfield>
      <subfield code="b">BIB_UART</subfield>
      <subfield code="d">2014-02-14</subfield>
      <subfield code="y">BK</subfield>
      <subfield code="p">03-45866</subfield>
      <subfield code="i">03-45866</subfield>
      <subfield code="g">40</subfield>
      <subfield code="o">37.035.3 N964n</subfield>
      <subfield code="e">Sec. de Extensión</subfield>
      <subfield code="8">CG</subfield>
    </datafield>
    <datafield tag="952" ind1=" " ind2=" ">
      <subfield code="a">BIB_RECT</subfield>
      <subfield code="b">BIB_UASJ</subfield>
      <subfield code="d">2014-02-12</subfield>
      <subfield code="y">BK</subfield>
      <subfield code="p">04-45856</subfield>
      <subfield code="i">04-45856</subfield>
      <subfield code="g">40</subfield>
      <subfield code="o">37.035.3 N964n</subfield>
      <subfield code="e">Secretaría de Extensión</subfield>
      <subfield code="8">CG</subfield>
    </datafield>
    <datafield tag="952" ind1=" " ind2=" ">
      <subfield code="a">BIB_RECT</subfield>
      <subfield code="b">BIB_UASJ</subfield>
      <subfield code="d">2014-02-12</subfield>
      <subfield code="y">BK</subfield>
      <subfield code="p">04-45857</subfield>
      <subfield code="i">04-45857</subfield>
      <subfield code="g">40</subfield>
      <subfield code="o">37.035.3 N964n</subfield>
      <subfield code="e">Secretaría de Extensión</subfield>
      <subfield code="8">CG</subfield>
    </datafield>
    <datafield tag="952" ind1=" " ind2=" ">
      <subfield code="a">BIB_RECT</subfield>
      <subfield code="b">BIB_UARG</subfield>
      <subfield code="d">2014-02-14</subfield>
      <subfield code="y">BK</subfield>
      <subfield code="p">05-45869</subfield>
      <subfield code="i">05-45869</subfield>
      <subfield code="g">40</subfield>
      <subfield code="o">37.035.3 N964n</subfield>
      <subfield code="e">Sec. de Extensión</subfield>
      <subfield code="8">CG</subfield>
    </datafield>
    <datafield tag="952" ind1=" " ind2=" ">
      <subfield code="a">BIB_RECT</subfield>
      <subfield code="b">BIB_UARG</subfield>
      <subfield code="d">2014-02-14</subfield>
      <subfield code="y">BK</subfield>
      <subfield code="p">05-45870</subfield>
      <subfield code="i">05-45870</subfield>
      <subfield code="g">40</subfield>
      <subfield code="o">37.035.3 N964n</subfield>
      <subfield code="e">Sec. de Extensión</subfield>
      <subfield code="8">CG</subfield>
    </datafield>
    <datafield tag="952" ind1=" " ind2=" ">
      <subfield code="a">BIB_RECT</subfield>
      <subfield code="b">SAT_TRUN</subfield>
      <subfield code="d">2014-02-14</subfield>
      <subfield code="y">BK</subfield>
      <subfield code="p">10-45881</subfield>
      <subfield code="i">10-45881</subfield>
      <subfield code="g">40</subfield>
      <subfield code="o">37.035.3 N964n</subfield>
      <subfield code="e">Secretaría de Extensión</subfield>
      <subfield code="8">CG</subfield>
    </datafield>
    <datafield tag="952" ind1=" " ind2=" ">
      <subfield code="a">BIB_RECT</subfield>
      <subfield code="b">SAT_PBNA</subfield>
      <subfield code="d">2014-02-14</subfield>
      <subfield code="y">BK</subfield>
      <subfield code="p">11-45885</subfield>
      <subfield code="i">11-45885</subfield>
      <subfield code="g">40</subfield>
      <subfield code="o">37.035.3 N964n</subfield>
      <subfield code="e">Secretaría de Extensión</subfield>
      <subfield code="8">CG</subfield>
    </datafield>
    <datafield tag="952" ind1=" " ind2=" ">
      <subfield code="a">BIB_RECT</subfield>
      <subfield code="b">SAT_CLFT</subfield>
      <subfield code="d">2014-02-14</subfield>
      <subfield code="y">BK</subfield>
      <subfield code="p">12-45895</subfield>
      <subfield code="i">12-45895</subfield>
      <subfield code="g">40</subfield>
      <subfield code="o">37.035.3 N964n</subfield>
      <subfield code="e">Secretaría de Extensión</subfield>
      <subfield code="8">CG</subfield>
    </datafield>
    <datafield tag="952" ind1=" " ind2=" ">
      <subfield code="a">BIB_RECT</subfield>
      <subfield code="b">SAT_PMDN </subfield>
      <subfield code="d">2014-02-14</subfield>
      <subfield code="y">BK</subfield>
      <subfield code="p">15-45891</subfield>
      <subfield code="i">15-45891</subfield>
      <subfield code="g">40</subfield>
      <subfield code="o">37.035.3 N964n</subfield>
      <subfield code="e">Secretaría de Extensión</subfield>
      <subfield code="8">CG</subfield>
    </datafield>
    <datafield tag="952" ind1=" " ind2=" ">
      <subfield code="a">BIB_RECT</subfield>
      <subfield code="b">SAT_PDES</subfield>
      <subfield code="d">2014-02-16</subfield>
      <subfield code="y">BK</subfield>
      <subfield code="p">16-45897</subfield>
      <subfield code="i">16-45897</subfield>
      <subfield code="g">40</subfield>
      <subfield code="o">37.035.3 N964n</subfield>
      <subfield code="e">Sec. de Extensión</subfield>
      <subfield code="8">CG</subfield>
    </datafield>
    <datafield tag="952" ind1=" " ind2=" ">
      <subfield code="a">BIB_RECT</subfield>
      <subfield code="b">SAT_RGRA</subfield>
      <subfield code="d">2014-02-14</subfield>
      <subfield code="y">BK</subfield>
      <subfield code="p">17-45901</subfield>
      <subfield code="i">17-45901</subfield>
      <subfield code="g">40</subfield>
      <subfield code="o">37.035.3 N964n</subfield>
      <subfield code="e">Sec. de Extensión</subfield>
      <subfield code="8">CG</subfield>
    </datafield>
    <datafield tag="952" ind1=" " ind2=" ">
      <subfield code="a">BIB_RECT</subfield>
      <subfield code="b">SAT_GREG</subfield>
      <subfield code="d">2014-02-14</subfield>
      <subfield code="y">BK</subfield>
      <subfield code="p">18-45911</subfield>
      <subfield code="i">18-45911</subfield>
      <subfield code="g">40</subfield>
      <subfield code="o">37.035.3 N964n</subfield>
      <subfield code="e">Sec. de Extensión</subfield>
      <subfield code="8">CG</subfield>
    </datafield>
    <datafield tag="952" ind1=" " ind2=" ">
      <subfield code="a">BIB_RECT</subfield>
      <subfield code="b">BIB_UARG</subfield>
      <subfield code="d">2014-02-14</subfield>
      <subfield code="y">BK</subfield>
      <subfield code="p">19-45907</subfield>
      <subfield code="i">19-45907</subfield>
      <subfield code="g">40</subfield>
      <subfield code="o">37.035.3 N964n</subfield>
      <subfield code="e">Sec. de Extensión</subfield>
      <subfield code="8">CG</subfield>
    </datafield>
  </record>