
  <record>
    <leader>01000aam  22002601a 4500</leader>
    <controlfield tag="001">YPZ98353</controlfield>
    <controlfield tag="003">YPZ</controlfield>
    <controlfield tag="005">201402131713280</controlfield>
    <controlfield tag="008">140213|###########||||||b||||||||||spa|d</controlfield>
    <datafield tag="020" ind1=" " ind2=" ">
      <subfield code="a">9789871242917</subfield>
    </datafield>
    <datafield tag="040" ind1=" " ind2=" ">
      <subfield code="c">SIUNPA</subfield>
    </datafield>
    <datafield tag="041" ind1=" " ind2=" ">
      <subfield code="a">spa</subfield>
    </datafield>
    <datafield tag="044" ind1=" " ind2=" ">
      <subfield code="a">AR</subfield>
    </datafield>
    <datafield tag="080" ind1=" " ind2=" ">
      <subfield code="a">37.015.3 A696i</subfield>
    </datafield>
    <datafield tag="100" ind1=" " ind2=" ">
      <subfield code="a">Arias, Patricia.</subfield>
    </datafield>
    <datafield tag="245" ind1=" " ind2=" ">
      <subfield code="a">De la indefensión a la impotencia</subfield>
      <subfield code="b"> : una lectura psicopedagógica sobre alumnos y maestros en contextos vulnerables</subfield>
    </datafield>
    <datafield tag="250" ind1=" " ind2=" ">
      <subfield code="a">1a ed.</subfield>
    </datafield>
    <datafield tag="260" ind1=" " ind2=" ">
      <subfield code="a">Río Gallegos</subfield>
      <subfield code="b"> : Universidad Nacional de la Patagonia Austral, UNPAedita</subfield>
      <subfield code="c"> , 2013</subfield>
    </datafield>
    <datafield tag="650" ind1=" " ind2=" ">
      <subfield code="a"> PSICOLOGIA DE LA EDUCACION</subfield>
    </datafield>
    <datafield tag="650" ind1=" " ind2=" ">
      <subfield code="a"> PSICOPEDAGOGIA</subfield>
    </datafield>
    <datafield tag="942" ind1=" " ind2=" ">
      <subfield code="c">BK</subfield>
    </datafield>
    <datafield tag="952" ind1=" " ind2=" ">
      <subfield code="a">BIB_RECT</subfield>
      <subfield code="b">BIB_UACO</subfield>
      <subfield code="d">2014-02-12</subfield>
      <subfield code="y">BK</subfield>
      <subfield code="p">02-45838</subfield>
      <subfield code="i">02-45838</subfield>
      <subfield code="g">80</subfield>
      <subfield code="o">37.015.3 A696i</subfield>
      <subfield code="e">Secretaría de Extensión</subfield>
      <subfield code="8">CG</subfield>
    </datafield>
    <datafield tag="952" ind1=" " ind2=" ">
      <subfield code="a">BIB_RECT</subfield>
      <subfield code="b">BIB_UACO</subfield>
      <subfield code="d">2014-02-12</subfield>
      <subfield code="y">BK</subfield>
      <subfield code="p">02-45839</subfield>
      <subfield code="i">02-45839</subfield>
      <subfield code="g">80</subfield>
      <subfield code="o">37.015.3 A696i</subfield>
      <subfield code="e">Secretaría de Extensión</subfield>
      <subfield code="8">CG</subfield>
    </datafield>
    <datafield tag="952" ind1=" " ind2=" ">
      <subfield code="a">BIB_RECT</subfield>
      <subfield code="b">BIB_UACO</subfield>
      <subfield code="d">2014-02-12</subfield>
      <subfield code="y">BK</subfield>
      <subfield code="p">02-45840</subfield>
      <subfield code="i">02-45840</subfield>
      <subfield code="g">80</subfield>
      <subfield code="o">37.015.3 A696i</subfield>
      <subfield code="e">Secretaría de Extensión</subfield>
      <subfield code="8">CG</subfield>
    </datafield>
    <datafield tag="952" ind1=" " ind2=" ">
      <subfield code="a">BIB_RECT</subfield>
      <subfield code="b">BIB_UART</subfield>
      <subfield code="d">2014-02-14</subfield>
      <subfield code="y">BK</subfield>
      <subfield code="p">03-45861</subfield>
      <subfield code="i">03-45861</subfield>
      <subfield code="g">80</subfield>
      <subfield code="o">37.015.3 A696i</subfield>
      <subfield code="e">Sec. de Extensión</subfield>
      <subfield code="8">CG</subfield>
    </datafield>
    <datafield tag="952" ind1=" " ind2=" ">
      <subfield code="a">BIB_RECT</subfield>
      <subfield code="b">BIB_UART</subfield>
      <subfield code="d">2014-02-14</subfield>
      <subfield code="y">BK</subfield>
      <subfield code="p">03-45862</subfield>
      <subfield code="i">03-45862</subfield>
      <subfield code="g">80</subfield>
      <subfield code="o">37.015.3 A696i</subfield>
      <subfield code="e">Sec. de Extensión</subfield>
      <subfield code="8">CG</subfield>
    </datafield>
    <datafield tag="952" ind1=" " ind2=" ">
      <subfield code="a">BIB_RECT</subfield>
      <subfield code="b">BIB_UASJ</subfield>
      <subfield code="d">2014-02-12</subfield>
      <subfield code="y">BK</subfield>
      <subfield code="p">04-45854</subfield>
      <subfield code="i">04-45854</subfield>
      <subfield code="g">80</subfield>
      <subfield code="o">37.015.3 A696i</subfield>
      <subfield code="e">Secretaría de Extensión</subfield>
      <subfield code="8">CG</subfield>
    </datafield>
    <datafield tag="952" ind1=" " ind2=" ">
      <subfield code="a">BIB_RECT</subfield>
      <subfield code="b">BIB_UASJ</subfield>
      <subfield code="d">2014-02-12</subfield>
      <subfield code="y">BK</subfield>
      <subfield code="p">04-45855</subfield>
      <subfield code="i">04-45855</subfield>
      <subfield code="g">80</subfield>
      <subfield code="o">37.015.3 A696i</subfield>
      <subfield code="e">Secretaría de Extensión</subfield>
      <subfield code="8">CG</subfield>
    </datafield>
    <datafield tag="952" ind1=" " ind2=" ">
      <subfield code="a">BIB_RECT</subfield>
      <subfield code="b">BIB_UARG</subfield>
      <subfield code="d">2014-02-14</subfield>
      <subfield code="y">BK</subfield>
      <subfield code="p">05-45874</subfield>
      <subfield code="i">05-45874</subfield>
      <subfield code="g">80</subfield>
      <subfield code="o">37.015.3 A696i</subfield>
      <subfield code="e">Sec. de Extensión</subfield>
      <subfield code="8">CG</subfield>
    </datafield>
    <datafield tag="952" ind1=" " ind2=" ">
      <subfield code="a">BIB_RECT</subfield>
      <subfield code="b">BIB_UARG</subfield>
      <subfield code="d">2014-02-14</subfield>
      <subfield code="y">BK</subfield>
      <subfield code="p">05-45875</subfield>
      <subfield code="i">05-45875</subfield>
      <subfield code="g">80</subfield>
      <subfield code="o">37.015.3 A696i</subfield>
      <subfield code="e">Sec. de Extensión</subfield>
      <subfield code="8">CG</subfield>
    </datafield>
    <datafield tag="952" ind1=" " ind2=" ">
      <subfield code="a">BIB_RECT</subfield>
      <subfield code="b">BIB_UARG</subfield>
      <subfield code="d">2014-02-14</subfield>
      <subfield code="y">BK</subfield>
      <subfield code="p">05-45876</subfield>
      <subfield code="i">05-45876</subfield>
      <subfield code="g">80</subfield>
      <subfield code="o">37.015.3 A696i</subfield>
      <subfield code="e">Sec. de Extensión</subfield>
      <subfield code="8">CG</subfield>
    </datafield>
    <datafield tag="952" ind1=" " ind2=" ">
      <subfield code="a">BIB_RECT</subfield>
      <subfield code="b">BIB_UARG</subfield>
      <subfield code="d">2014-02-14</subfield>
      <subfield code="y">BK</subfield>
      <subfield code="p">05-45877</subfield>
      <subfield code="i">05-45877</subfield>
      <subfield code="g">80</subfield>
      <subfield code="o">37.015.3 A696i</subfield>
      <subfield code="e">Sec. de Extensión</subfield>
      <subfield code="8">CG</subfield>
    </datafield>
    <datafield tag="952" ind1=" " ind2=" ">
      <subfield code="a">BIB_RECT</subfield>
      <subfield code="b">SAT_TRUN</subfield>
      <subfield code="d">2014-02-14</subfield>
      <subfield code="y">BK</subfield>
      <subfield code="p">10-45883</subfield>
      <subfield code="i">10-45883</subfield>
      <subfield code="g">80</subfield>
      <subfield code="o">37.015.3 A696i</subfield>
      <subfield code="e">Secretaría de Extensión</subfield>
      <subfield code="8">CG</subfield>
    </datafield>
    <datafield tag="952" ind1=" " ind2=" ">
      <subfield code="a">BIB_RECT</subfield>
      <subfield code="b">SAT_PBNA</subfield>
      <subfield code="d">2014-02-14</subfield>
      <subfield code="y">BK</subfield>
      <subfield code="p">11-45887</subfield>
      <subfield code="i">11-45887</subfield>
      <subfield code="g">80</subfield>
      <subfield code="o">37.015.3 A696i</subfield>
      <subfield code="e">Secretaría de Extensión</subfield>
      <subfield code="8">CG</subfield>
    </datafield>
    <datafield tag="952" ind1=" " ind2=" ">
      <subfield code="a">BIB_RECT</subfield>
      <subfield code="b">SAT_CLFT</subfield>
      <subfield code="d">2014-02-14</subfield>
      <subfield code="y">BK</subfield>
      <subfield code="p">12-45893</subfield>
      <subfield code="i">12-45893</subfield>
      <subfield code="g">80</subfield>
      <subfield code="o">37.015.3 A696i</subfield>
      <subfield code="e">Secretaría de Extensión</subfield>
      <subfield code="8">CG</subfield>
    </datafield>
    <datafield tag="952" ind1=" " ind2=" ">
      <subfield code="a">BIB_RECT</subfield>
      <subfield code="b">SAT_PMDN </subfield>
      <subfield code="d">2014-02-15</subfield>
      <subfield code="y">BK</subfield>
      <subfield code="p">15-45889</subfield>
      <subfield code="i">15-45889</subfield>
      <subfield code="g">80</subfield>
      <subfield code="o">37.015.3 A696i</subfield>
      <subfield code="e">Secretaría de Extensión</subfield>
      <subfield code="8">CG</subfield>
    </datafield>
    <datafield tag="952" ind1=" " ind2=" ">
      <subfield code="a">BIB_RECT</subfield>
      <subfield code="b">SAT_PDES</subfield>
      <subfield code="d">2014-02-16</subfield>
      <subfield code="y">BK</subfield>
      <subfield code="p">16-45898</subfield>
      <subfield code="i">16-45898</subfield>
      <subfield code="g">80</subfield>
      <subfield code="o">37.015.3 A696i</subfield>
      <subfield code="e">Sec. de Extensión</subfield>
      <subfield code="8">CG</subfield>
    </datafield>
    <datafield tag="952" ind1=" " ind2=" ">
      <subfield code="a">BIB_RECT</subfield>
      <subfield code="b">SAT_RGRA</subfield>
      <subfield code="d">2014-02-14</subfield>
      <subfield code="y">BK</subfield>
      <subfield code="p">17-45903</subfield>
      <subfield code="i">17-45903</subfield>
      <subfield code="g">80</subfield>
      <subfield code="o">37.015.3 A696i</subfield>
      <subfield code="e">Sec. de Extensión</subfield>
      <subfield code="8">CG</subfield>
    </datafield>
    <datafield tag="952" ind1=" " ind2=" ">
      <subfield code="a">BIB_RECT</subfield>
      <subfield code="b">SAT_GREG</subfield>
      <subfield code="d">2014-02-14</subfield>
      <subfield code="y">BK</subfield>
      <subfield code="p">18-45909</subfield>
      <subfield code="i">18-45909</subfield>
      <subfield code="g">80</subfield>
      <subfield code="o">37.015.3 A696i</subfield>
      <subfield code="e">Sec. de Extensión</subfield>
      <subfield code="8">CG</subfield>
    </datafield>
    <datafield tag="952" ind1=" " ind2=" ">
      <subfield code="a">BIB_RECT</subfield>
      <subfield code="b">SAT_USHU</subfield>
      <subfield code="d">2014-02-14</subfield>
      <subfield code="y">BK</subfield>
      <subfield code="p">19-45905</subfield>
      <subfield code="i">19-45905</subfield>
      <subfield code="g">80</subfield>
      <subfield code="o">37.015.3 A696i</subfield>
      <subfield code="e">Sec. de Extensión</subfield>
      <subfield code="8">CG</subfield>
    </datafield>
  </record>