
  <record>
    <leader>01000aam  22002601a 4500</leader>
    <controlfield tag="001">YPZ98355</controlfield>
    <controlfield tag="003">YPZ</controlfield>
    <controlfield tag="005">201402191413440</controlfield>
    <controlfield tag="008">140219|###########||||||b||||||||||spa|d</controlfield>
    <datafield tag="020" ind1=" " ind2=" ">
      <subfield code="a">9789589870105</subfield>
    </datafield>
    <datafield tag="040" ind1=" " ind2=" ">
      <subfield code="c">SIUNPA</subfield>
    </datafield>
    <datafield tag="041" ind1=" " ind2=" ">
      <subfield code="a">spa</subfield>
    </datafield>
    <datafield tag="044" ind1=" " ind2=" ">
      <subfield code="a">CO</subfield>
    </datafield>
    <datafield tag="080" ind1=" " ind2=" ">
      <subfield code="a">568.2 A881a</subfield>
    </datafield>
    <datafield tag="100" ind1=" " ind2=" ">
      <subfield code="a">Ruiz-Guerra, Carlos.</subfield>
    </datafield>
    <datafield tag="700" ind1=" " ind2=" ">
      <subfield code="a">Johnston-González, Richard.</subfield>
    </datafield>
    <datafield tag="700" ind1=" " ind2=" ">
      <subfield code="a">Castillo-Cortés, Luis Fernando.</subfield>
    </datafield>
    <datafield tag="700" ind1=" " ind2=" ">
      <subfield code="a">Cifuentes-Sarmiento, Yanira.</subfield>
    </datafield>
    <datafield tag="700" ind1=" " ind2=" ">
      <subfield code="a">Eusse, Diana.</subfield>
    </datafield>
    <datafield tag="700" ind1=" " ind2=" ">
      <subfield code="a">Estela, Felipe A..</subfield>
    </datafield>
    <datafield tag="245" ind1=" " ind2=" ">
      <subfield code="a">Atlas de aves playeras y otras aves acuáticas en la costa Caribe colombiana</subfield>
      <subfield code="c"> / Naranjo, Walberto, fot. ; Asociación Calidris, fot. ; Cifuentes, Yanira, fot. ; Estela, Felipe A., fot. ; Johnston, Richard, fot. ; López, Julián, fot. ; Naranjo, Walberto, fot. ; Ruiz, Carlos J. fot. ; Zamudio, Jeisson, fot.</subfield>
    </datafield>
    <datafield tag="260" ind1=" " ind2=" ">
      <subfield code="a">Cali</subfield>
      <subfield code="b"> : Asociación Calidris</subfield>
      <subfield code="c"> , 2008</subfield>
    </datafield>
    <datafield tag="650" ind1=" " ind2=" ">
      <subfield code="a"> AVES MIGRATORIAS</subfield>
    </datafield>
    <datafield tag="650" ind1=" " ind2=" ">
      <subfield code="a"> ECOSISTEMA ACUATICO</subfield>
    </datafield>
    <datafield tag="650" ind1=" " ind2=" ">
      <subfield code="a"> COSTAS </subfield>
    </datafield>
    <datafield tag="650" ind1=" " ind2=" ">
      <subfield code="a"> REGIONES COSTERAS</subfield>
    </datafield>
    <datafield tag="942" ind1=" " ind2=" ">
      <subfield code="c">BK</subfield>
    </datafield>
    <datafield tag="952" ind1=" " ind2=" ">
      <subfield code="a">BIB_RECT</subfield>
      <subfield code="b">BIB_UARG</subfield>
      <subfield code="d">2014-02-18</subfield>
      <subfield code="y">BK</subfield>
      <subfield code="p">05-45919</subfield>
      <subfield code="i">05-45919</subfield>
      <subfield code="g">40</subfield>
      <subfield code="o">568.2 A881a</subfield>
      <subfield code="e">Ferrari Acuerdo 641/13</subfield>
      <subfield code="8">CG</subfield>
    </datafield>
  </record>