
  <record>
    <leader>01000aam  22002601a 4500</leader>
    <controlfield tag="001">YPZ98360</controlfield>
    <controlfield tag="003">YPZ</controlfield>
    <controlfield tag="005">201402201018390</controlfield>
    <controlfield tag="008">140220|###########||||||b||||||||||spa|d</controlfield>
    <datafield tag="020" ind1=" " ind2=" ">
      <subfield code="a">9789871741489</subfield>
    </datafield>
    <datafield tag="040" ind1=" " ind2=" ">
      <subfield code="c">SIUNPA</subfield>
    </datafield>
    <datafield tag="041" ind1=" " ind2=" ">
      <subfield code="a">spa</subfield>
    </datafield>
    <datafield tag="044" ind1=" " ind2=" ">
      <subfield code="a">AR</subfield>
    </datafield>
    <datafield tag="080" ind1=" " ind2=" ">
      <subfield code="a">316.42 V325e</subfield>
    </datafield>
    <datafield tag="100" ind1=" " ind2=" ">
      <subfield code="a">Varsavsky, Oscar.</subfield>
    </datafield>
    <datafield tag="245" ind1=" " ind2=" ">
      <subfield code="a">Estilos tecnológicos</subfield>
      <subfield code="b"> : prouestas para la selección de tecnologías bajo racionalidad socialista</subfield>
    </datafield>
    <datafield tag="260" ind1=" " ind2=" ">
      <subfield code="a">Buenos Aires</subfield>
      <subfield code="b"> : Biblioteca Nacional</subfield>
      <subfield code="c"> , 2013</subfield>
    </datafield>
    <datafield tag="650" ind1=" " ind2=" ">
      <subfield code="a"> CAMBIO CULTURAL</subfield>
    </datafield>
    <datafield tag="650" ind1=" " ind2=" ">
      <subfield code="a"> SOCIOLOGIA DE LA CULTURA</subfield>
    </datafield>
    <datafield tag="650" ind1=" " ind2=" ">
      <subfield code="a"> TECNOLOGIA</subfield>
    </datafield>
    <datafield tag="942" ind1=" " ind2=" ">
      <subfield code="c">BK</subfield>
    </datafield>
    <datafield tag="952" ind1=" " ind2=" ">
      <subfield code="a">BIB_RECT</subfield>
      <subfield code="b">BIB_UACO</subfield>
      <subfield code="d">2014-06-30</subfield>
      <subfield code="y">BK</subfield>
      <subfield code="p">02-46253</subfield>
      <subfield code="i">02-46253</subfield>
      <subfield code="g">90</subfield>
      <subfield code="o">316.42 V325e</subfield>
      <subfield code="e">PLACTED</subfield>
      <subfield code="8">CG</subfield>
    </datafield>
    <datafield tag="952" ind1=" " ind2=" ">
      <subfield code="a">BIB_RECT</subfield>
      <subfield code="b">BIB_UASJ</subfield>
      <subfield code="d">2014-06-09</subfield>
      <subfield code="y">BK</subfield>
      <subfield code="p">04-46217</subfield>
      <subfield code="i">04-46217</subfield>
      <subfield code="g">70</subfield>
      <subfield code="o">316.42 V325e</subfield>
      <subfield code="e">Donación</subfield>
      <subfield code="8">CG</subfield>
    </datafield>
    <datafield tag="952" ind1=" " ind2=" ">
      <subfield code="a">BIB_RECT</subfield>
      <subfield code="b">BIB_UASJ</subfield>
      <subfield code="d">2014-06-09</subfield>
      <subfield code="y">BK</subfield>
      <subfield code="p">04-46218</subfield>
      <subfield code="i">04-46218</subfield>
      <subfield code="g">70</subfield>
      <subfield code="o">316.42 V325e</subfield>
      <subfield code="e">Donación</subfield>
      <subfield code="8">CG</subfield>
    </datafield>
    <datafield tag="952" ind1=" " ind2=" ">
      <subfield code="a">BIB_RECT</subfield>
      <subfield code="b">BIB_UARG</subfield>
      <subfield code="d">2014-02-20</subfield>
      <subfield code="y">BK</subfield>
      <subfield code="p">05-45914</subfield>
      <subfield code="i">05-45914</subfield>
      <subfield code="g">70</subfield>
      <subfield code="o">316.42 V325e</subfield>
      <subfield code="e">PLACTED/13</subfield>
      <subfield code="8">CG</subfield>
    </datafield>
    <datafield tag="952" ind1=" " ind2=" ">
      <subfield code="a">BIB_RECT</subfield>
      <subfield code="b">BIB_UARG</subfield>
      <subfield code="d">2014-02-20</subfield>
      <subfield code="y">BK</subfield>
      <subfield code="p">05-45915</subfield>
      <subfield code="i">05-45915</subfield>
      <subfield code="g">70</subfield>
      <subfield code="o">316.42 V325e</subfield>
      <subfield code="e">PLACTED/13</subfield>
      <subfield code="8">CG</subfield>
    </datafield>
  </record>