
  <record>
    <leader>01000aam  22002601a 4500</leader>
    <controlfield tag="001">YPZ98376</controlfield>
    <controlfield tag="003">YPZ</controlfield>
    <controlfield tag="005">201402251120440</controlfield>
    <controlfield tag="008">140225|###########||||||b||||||||||spa|d</controlfield>
    <datafield tag="040" ind1=" " ind2=" ">
      <subfield code="c">SIUNPA</subfield>
    </datafield>
    <datafield tag="041" ind1=" " ind2=" ">
      <subfield code="a">spa</subfield>
    </datafield>
    <datafield tag="044" ind1=" " ind2=" ">
      <subfield code="a">ES</subfield>
    </datafield>
    <datafield tag="080" ind1=" " ind2=" ">
      <subfield code="a">81'1 L755l</subfield>
    </datafield>
    <datafield tag="245" ind1=" " ind2=" ">
      <subfield code="a">La lingüística</subfield>
      <subfield code="b"> : guía alfabética</subfield>
      <subfield code="c"> / Martinet, André, bajo la dir. ; Manzano, Carlos, tr.</subfield>
    </datafield>
    <datafield tag="260" ind1=" " ind2=" ">
      <subfield code="a">Barcelona</subfield>
      <subfield code="b"> : Anagrama</subfield>
      <subfield code="c"> , 1972</subfield>
    </datafield>
    <datafield tag="440" ind1=" " ind2=" ">
      <subfield code="a">La mandíbula mecánica</subfield>
      <subfield code="a">Ensayos/Planeta de lingüística y crítica literaria</subfield>
      <subfield code="a">Colección guías alfabéticas</subfield>
      <subfield code="v">1</subfield>
    </datafield>
    <datafield tag="490" ind1=" " ind2=" ">
      <subfield code="a">La mandíbula mecánica</subfield>
      <subfield code="a">Ensayos/Planeta de lingüística y crítica literaria</subfield>
      <subfield code="a">Colección guías alfabéticas</subfield>
      <subfield code="v">1</subfield>
    </datafield>
    <datafield tag="650" ind1=" " ind2=" ">
      <subfield code="a"> LINGÜISTICA</subfield>
    </datafield>
    <datafield tag="942" ind1=" " ind2=" ">
      <subfield code="c">BK</subfield>
    </datafield>
    <datafield tag="952" ind1=" " ind2=" ">
      <subfield code="a">BIB_RECT</subfield>
      <subfield code="b">BIB_UARG</subfield>
      <subfield code="d">2014-02-25</subfield>
      <subfield code="y">BK</subfield>
      <subfield code="p">05-45944</subfield>
      <subfield code="i">05-45944</subfield>
      <subfield code="g">180</subfield>
      <subfield code="o">81'1 L755l</subfield>
      <subfield code="e">Flia. Celada, Amelia</subfield>
      <subfield code="8">CG</subfield>
    </datafield>
  </record>