
  <record>
    <leader>01000aam  22002601a 4500</leader>
    <controlfield tag="001">YPZ98383</controlfield>
    <controlfield tag="003">YPZ</controlfield>
    <controlfield tag="005">201402271028410</controlfield>
    <controlfield tag="008">140227|###########||||||b||||||||||spa|d</controlfield>
    <datafield tag="040" ind1=" " ind2=" ">
      <subfield code="c">SIUNPA</subfield>
    </datafield>
    <datafield tag="041" ind1=" " ind2=" ">
      <subfield code="a">spa</subfield>
    </datafield>
    <datafield tag="044" ind1=" " ind2=" ">
      <subfield code="a">AR</subfield>
    </datafield>
    <datafield tag="080" ind1=" " ind2=" ">
      <subfield code="a">81'27 R294t</subfield>
    </datafield>
    <datafield tag="100" ind1=" " ind2=" ">
      <subfield code="a">Récanati, François.</subfield>
    </datafield>
    <datafield tag="245" ind1=" " ind2=" ">
      <subfield code="a">La transparencia y la enunciación</subfield>
      <subfield code="b"> : introducción a la pragmática</subfield>
      <subfield code="c"> / Hidalgo, Cecilia E., versión castellana</subfield>
    </datafield>
    <datafield tag="260" ind1=" " ind2=" ">
      <subfield code="a">Buenos Aires</subfield>
      <subfield code="b"> : Hachette</subfield>
      <subfield code="c"> , 1981</subfield>
    </datafield>
    <datafield tag="650" ind1=" " ind2=" ">
      <subfield code="a"> PRAGMATICA</subfield>
    </datafield>
    <datafield tag="942" ind1=" " ind2=" ">
      <subfield code="c">BK</subfield>
    </datafield>
    <datafield tag="952" ind1=" " ind2=" ">
      <subfield code="a">BIB_RECT</subfield>
      <subfield code="b">BIB_UARG</subfield>
      <subfield code="d">2014-02-27</subfield>
      <subfield code="y">BK</subfield>
      <subfield code="p">05-11652</subfield>
      <subfield code="i">05-11652</subfield>
      <subfield code="g">65</subfield>
      <subfield code="o">81'27 R294t</subfield>
      <subfield code="e">FOMEC 578/97</subfield>
      <subfield code="8">CG</subfield>
    </datafield>
    <datafield tag="952" ind1=" " ind2=" ">
      <subfield code="a">BIB_RECT</subfield>
      <subfield code="b">BIB_UARG</subfield>
      <subfield code="d">2014-02-27</subfield>
      <subfield code="y">BK</subfield>
      <subfield code="p">05-45969</subfield>
      <subfield code="i">05-45969</subfield>
      <subfield code="g">65</subfield>
      <subfield code="o">81'27 R294t</subfield>
      <subfield code="e">Flia. Celada, Amelia</subfield>
      <subfield code="8">CG</subfield>
    </datafield>
  </record>