
  <record>
    <leader>01000aam  22002601a 4500</leader>
    <controlfield tag="001">YPZ98392</controlfield>
    <controlfield tag="003">YPZ</controlfield>
    <controlfield tag="005">201402271514030</controlfield>
    <controlfield tag="008">140227|###########||||||b||||||||||spa|d</controlfield>
    <datafield tag="040" ind1=" " ind2=" ">
      <subfield code="c">SIUNPA</subfield>
    </datafield>
    <datafield tag="041" ind1=" " ind2=" ">
      <subfield code="a">spa</subfield>
    </datafield>
    <datafield tag="044" ind1=" " ind2=" ">
      <subfield code="a">ES</subfield>
    </datafield>
    <datafield tag="080" ind1=" " ind2=" ">
      <subfield code="a">81'22 P949e</subfield>
    </datafield>
    <datafield tag="100" ind1=" " ind2=" ">
      <subfield code="a">Prieto, Antonio.</subfield>
    </datafield>
    <datafield tag="245" ind1=" " ind2=" ">
      <subfield code="a">Ensayo semiológico de sistemas literarios</subfield>
    </datafield>
    <datafield tag="250" ind1=" " ind2=" ">
      <subfield code="a">1a ed.</subfield>
    </datafield>
    <datafield tag="260" ind1=" " ind2=" ">
      <subfield code="a">Barcelona</subfield>
      <subfield code="b"> : Planeta</subfield>
      <subfield code="c"> , 1972</subfield>
    </datafield>
    <datafield tag="440" ind1=" " ind2=" ">
      <subfield code="a">Colección Hachette universidad. Lengua - Lingüística - Comunicación</subfield>
      <subfield code="a">Colección Hachette universidad. Lengua - Lingüística - Comunicación</subfield>
      <subfield code="a">Ensayos / Planeta</subfield>
      <subfield code="a">Colección Hachette universidad</subfield>
      <subfield code="a">Colección Hachette universidad</subfield>
      <subfield code="a">Colección Hachette universidad</subfield>
      <subfield code="a">Bibliotecas universitarias. Lingüística</subfield>
      <subfield code="a">Colección Hachette universidad</subfield>
      <subfield code="a">Ensayos/Planeta de lingüística y crítica literaria</subfield>
      <subfield code="v">17</subfield>
    </datafield>
    <datafield tag="490" ind1=" " ind2=" ">
      <subfield code="a">Colección Hachette universidad. Lengua - Lingüística - Comunicación</subfield>
      <subfield code="a">Colección Hachette universidad. Lengua - Lingüística - Comunicación</subfield>
      <subfield code="a">Ensayos / Planeta</subfield>
      <subfield code="a">Colección Hachette universidad</subfield>
      <subfield code="a">Colección Hachette universidad</subfield>
      <subfield code="a">Colección Hachette universidad</subfield>
      <subfield code="a">Bibliotecas universitarias. Lingüística</subfield>
      <subfield code="a">Colección Hachette universidad</subfield>
      <subfield code="a">Ensayos/Planeta de lingüística y crítica literaria</subfield>
      <subfield code="v">17</subfield>
    </datafield>
    <datafield tag="650" ind1=" " ind2=" ">
      <subfield code="a"> SEMIOLOGIA</subfield>
    </datafield>
    <datafield tag="650" ind1=" " ind2=" ">
      <subfield code="a"> SEMANTICA</subfield>
    </datafield>
    <datafield tag="650" ind1=" " ind2=" ">
      <subfield code="a"> FILOLOGIA</subfield>
    </datafield>
    <datafield tag="650" ind1=" " ind2=" ">
      <subfield code="a"> LINGÜISTICA</subfield>
    </datafield>
    <datafield tag="942" ind1=" " ind2=" ">
      <subfield code="c">BK</subfield>
    </datafield>
    <datafield tag="952" ind1=" " ind2=" ">
      <subfield code="a">BIB_RECT</subfield>
      <subfield code="b">BIB_UARG</subfield>
      <subfield code="d">2014-02-24</subfield>
      <subfield code="y">BK</subfield>
      <subfield code="p">05-00748</subfield>
      <subfield code="i">05-00748</subfield>
      <subfield code="g">120</subfield>
      <subfield code="o">81'22 P949e</subfield>
      <subfield code="e">Migración UARG</subfield>
      <subfield code="8">CG</subfield>
    </datafield>
    <datafield tag="952" ind1=" " ind2=" ">
      <subfield code="a">BIB_RECT</subfield>
      <subfield code="b">BIB_UARG</subfield>
      <subfield code="d">2014-02-24</subfield>
      <subfield code="y">BK</subfield>
      <subfield code="p">05-45953</subfield>
      <subfield code="i">05-45953</subfield>
      <subfield code="g">120</subfield>
      <subfield code="o">81'22 P949e</subfield>
      <subfield code="e">Don. Flia. Celada, Amelia</subfield>
      <subfield code="8">CG</subfield>
    </datafield>
  </record>