
  <record>
    <leader>01000aam  22002601a 4500</leader>
    <controlfield tag="001">YPZ98400</controlfield>
    <controlfield tag="003">YPZ</controlfield>
    <controlfield tag="005">201403051445590</controlfield>
    <controlfield tag="008">140305|###########||||||b||||||||||spa|d</controlfield>
    <datafield tag="040" ind1=" " ind2=" ">
      <subfield code="c">SIUNPA</subfield>
    </datafield>
    <datafield tag="041" ind1=" " ind2=" ">
      <subfield code="a">spa</subfield>
    </datafield>
    <datafield tag="044" ind1=" " ind2=" ">
      <subfield code="a">ES</subfield>
    </datafield>
    <datafield tag="080" ind1=" " ind2=" ">
      <subfield code="a">811.1/.2 V719l</subfield>
    </datafield>
    <datafield tag="100" ind1=" " ind2=" ">
      <subfield code="a">Villar, Francisco.</subfield>
    </datafield>
    <datafield tag="245" ind1=" " ind2=" ">
      <subfield code="a">Lenguas y pueblos indoeuropeos</subfield>
    </datafield>
    <datafield tag="260" ind1=" " ind2=" ">
      <subfield code="a">Madrid</subfield>
      <subfield code="b"> : Istmo</subfield>
      <subfield code="c"> , 1971</subfield>
    </datafield>
    <datafield tag="440" ind1=" " ind2=" ">
      <subfield code="a">Colección Hachette universidad</subfield>
      <subfield code="a">Colección Hachette universidad</subfield>
      <subfield code="a">Colección Hachette universidad</subfield>
      <subfield code="a">Colección Hachette universidad</subfield>
      <subfield code="a">Colección Hachette universidad</subfield>
      <subfield code="a">Grates / Sopena</subfield>
      <subfield code="a">Colección fundamentos</subfield>
      <subfield code="v">14</subfield>
    </datafield>
    <datafield tag="490" ind1=" " ind2=" ">
      <subfield code="a">Colección Hachette universidad</subfield>
      <subfield code="a">Colección Hachette universidad</subfield>
      <subfield code="a">Colección Hachette universidad</subfield>
      <subfield code="a">Colección Hachette universidad</subfield>
      <subfield code="a">Colección Hachette universidad</subfield>
      <subfield code="a">Grates / Sopena</subfield>
      <subfield code="a">Colección fundamentos</subfield>
      <subfield code="v">14</subfield>
    </datafield>
    <datafield tag="650" ind1=" " ind2=" ">
      <subfield code="a"> LENGUA INDOEUROPEA</subfield>
    </datafield>
    <datafield tag="650" ind1=" " ind2=" ">
      <subfield code="a"> LINGÜISTICA</subfield>
    </datafield>
    <datafield tag="650" ind1=" " ind2=" ">
      <subfield code="a"> HISTORIA</subfield>
    </datafield>
    <datafield tag="942" ind1=" " ind2=" ">
      <subfield code="c">BK</subfield>
    </datafield>
    <datafield tag="952" ind1=" " ind2=" ">
      <subfield code="a">BIB_RECT</subfield>
      <subfield code="b">BIB_UARG</subfield>
      <subfield code="d">2014-02-24</subfield>
      <subfield code="y">BK</subfield>
      <subfield code="p">05-45980</subfield>
      <subfield code="i">05-45980</subfield>
      <subfield code="g">45</subfield>
      <subfield code="o">811.1/.2 V719l</subfield>
      <subfield code="e">Don. Flia. Celada, Amelia</subfield>
      <subfield code="8">CG</subfield>
    </datafield>
  </record>