
  <record>
    <leader>01000aam  22002601a 4500</leader>
    <controlfield tag="001">YPZ98419</controlfield>
    <controlfield tag="003">YPZ</controlfield>
    <controlfield tag="005">201403111541050</controlfield>
    <controlfield tag="008">140311|###########||||||b||||||||||spa|d</controlfield>
    <datafield tag="020" ind1=" " ind2=" ">
      <subfield code="a">9789871242894</subfield>
    </datafield>
    <datafield tag="040" ind1=" " ind2=" ">
      <subfield code="c">SIUNPA</subfield>
    </datafield>
    <datafield tag="041" ind1=" " ind2=" ">
      <subfield code="a">spa</subfield>
    </datafield>
    <datafield tag="044" ind1=" " ind2=" ">
      <subfield code="a">AR</subfield>
    </datafield>
    <datafield tag="080" ind1=" " ind2=" ">
      <subfield code="a">338.2 V112c</subfield>
    </datafield>
    <datafield tag="100" ind1=" " ind2=" ">
      <subfield code="a">Vaca, Javier.</subfield>
    </datafield>
    <datafield tag="245" ind1=" " ind2=" ">
      <subfield code="a">Cómo, cuándo y en qué condiciones evolucionan las agencias de desarrollo</subfield>
      <subfield code="b"> : el caso de Puerto San Julián en la provincia de Santa Cruz</subfield>
    </datafield>
    <datafield tag="250" ind1=" " ind2=" ">
      <subfield code="a">1a ed.</subfield>
    </datafield>
    <datafield tag="260" ind1=" " ind2=" ">
      <subfield code="a">Río Gallegos</subfield>
      <subfield code="b"> : Universidad Nacional de la Patagonia Austral, UNPAedita</subfield>
      <subfield code="c"> , 2013</subfield>
    </datafield>
    <datafield tag="650" ind1=" " ind2=" ">
      <subfield code="a"> DESARROLLO LOCAL</subfield>
    </datafield>
    <datafield tag="650" ind1=" " ind2=" ">
      <subfield code="a"> POLITICA DE DESARROLLO</subfield>
    </datafield>
    <datafield tag="650" ind1=" " ind2=" ">
      <subfield code="a"> PUERTO SAN JULIAN ( SANTA CRUZ)</subfield>
    </datafield>
    <datafield tag="942" ind1=" " ind2=" ">
      <subfield code="c">BK</subfield>
    </datafield>
    <datafield tag="952" ind1=" " ind2=" ">
      <subfield code="a">BIB_RECT</subfield>
      <subfield code="b">BIB_UACO</subfield>
      <subfield code="d">2014-03-13</subfield>
      <subfield code="y">BK</subfield>
      <subfield code="p">02-45997</subfield>
      <subfield code="i">02-45997</subfield>
      <subfield code="g">40</subfield>
      <subfield code="o">338.2 V112c</subfield>
      <subfield code="e">Secretaría de Extensión</subfield>
      <subfield code="8">CG</subfield>
    </datafield>
    <datafield tag="952" ind1=" " ind2=" ">
      <subfield code="a">BIB_RECT</subfield>
      <subfield code="b">BIB_UACO</subfield>
      <subfield code="d">2014-03-13</subfield>
      <subfield code="y">BK</subfield>
      <subfield code="p">02-45998</subfield>
      <subfield code="i">02-45998</subfield>
      <subfield code="g">40</subfield>
      <subfield code="o">338.2 V112c</subfield>
      <subfield code="e">Secretaría de Extensión</subfield>
      <subfield code="8">CG</subfield>
    </datafield>
    <datafield tag="952" ind1=" " ind2=" ">
      <subfield code="a">BIB_RECT</subfield>
      <subfield code="b">BIB_UACO</subfield>
      <subfield code="d">2014-03-13</subfield>
      <subfield code="y">BK</subfield>
      <subfield code="p">02-45999</subfield>
      <subfield code="i">02-45999</subfield>
      <subfield code="g">40</subfield>
      <subfield code="o">338.2 V112c</subfield>
      <subfield code="e">Secretaría de Extensión</subfield>
      <subfield code="8">CG</subfield>
    </datafield>
    <datafield tag="952" ind1=" " ind2=" ">
      <subfield code="a">BIB_RECT</subfield>
      <subfield code="b">BIB_UART</subfield>
      <subfield code="d">2014-03-13</subfield>
      <subfield code="y">BK</subfield>
      <subfield code="p">03-45994</subfield>
      <subfield code="i">03-45994</subfield>
      <subfield code="g">40</subfield>
      <subfield code="o">338.2 V112c</subfield>
      <subfield code="e">Secretaría de Extensión</subfield>
      <subfield code="8">CG</subfield>
    </datafield>
    <datafield tag="952" ind1=" " ind2=" ">
      <subfield code="a">BIB_RECT</subfield>
      <subfield code="b">BIB_UART</subfield>
      <subfield code="d">2014-03-13</subfield>
      <subfield code="y">BK</subfield>
      <subfield code="p">03-45995</subfield>
      <subfield code="i">03-45995</subfield>
      <subfield code="g">40</subfield>
      <subfield code="o">338.2 V112c</subfield>
      <subfield code="e">Secretaría de Extensión</subfield>
      <subfield code="8">CG</subfield>
    </datafield>
    <datafield tag="952" ind1=" " ind2=" ">
      <subfield code="a">BIB_RECT</subfield>
      <subfield code="b">BIB_UART</subfield>
      <subfield code="d">2014-03-13</subfield>
      <subfield code="y">BK</subfield>
      <subfield code="p">03-45996</subfield>
      <subfield code="i">03-45996</subfield>
      <subfield code="g">40</subfield>
      <subfield code="o">338.2 V112c</subfield>
      <subfield code="e">Secretaría de Extensión</subfield>
      <subfield code="8">CG</subfield>
    </datafield>
    <datafield tag="952" ind1=" " ind2=" ">
      <subfield code="a">BIB_RECT</subfield>
      <subfield code="b">BIB_UASJ</subfield>
      <subfield code="d">2014-03-13</subfield>
      <subfield code="y">BK</subfield>
      <subfield code="p">04-45991</subfield>
      <subfield code="i">04-45991</subfield>
      <subfield code="g">40</subfield>
      <subfield code="o">338.2 V112c</subfield>
      <subfield code="e">Secretaría de Extensión</subfield>
      <subfield code="8">CG</subfield>
    </datafield>
    <datafield tag="952" ind1=" " ind2=" ">
      <subfield code="a">BIB_RECT</subfield>
      <subfield code="b">BIB_UASJ</subfield>
      <subfield code="d">2014-03-13</subfield>
      <subfield code="y">BK</subfield>
      <subfield code="p">04-45992</subfield>
      <subfield code="i">04-45992</subfield>
      <subfield code="g">40</subfield>
      <subfield code="o">338.2 V112c</subfield>
      <subfield code="e">Secretaría de Extensión</subfield>
      <subfield code="8">CG</subfield>
    </datafield>
    <datafield tag="952" ind1=" " ind2=" ">
      <subfield code="a">BIB_RECT</subfield>
      <subfield code="b">BIB_UASJ</subfield>
      <subfield code="d">2014-03-13</subfield>
      <subfield code="y">BK</subfield>
      <subfield code="p">04-45993</subfield>
      <subfield code="i">04-45993</subfield>
      <subfield code="g">40</subfield>
      <subfield code="o">338.2 V112c</subfield>
      <subfield code="e">Secretaría de Extensión</subfield>
      <subfield code="8">CG</subfield>
    </datafield>
    <datafield tag="952" ind1=" " ind2=" ">
      <subfield code="a">BIB_RECT</subfield>
      <subfield code="b">BIB_UARG</subfield>
      <subfield code="d">2014-03-13</subfield>
      <subfield code="y">BK</subfield>
      <subfield code="p">05-45988</subfield>
      <subfield code="i">05-45988</subfield>
      <subfield code="g">40</subfield>
      <subfield code="o">338.2 V112c</subfield>
      <subfield code="e">Secretaría de Extensión</subfield>
      <subfield code="8">CG</subfield>
    </datafield>
    <datafield tag="952" ind1=" " ind2=" ">
      <subfield code="a">BIB_RECT</subfield>
      <subfield code="b">BIB_UARG</subfield>
      <subfield code="d">2014-03-13</subfield>
      <subfield code="y">BK</subfield>
      <subfield code="p">05-45989</subfield>
      <subfield code="i">05-45989</subfield>
      <subfield code="g">40</subfield>
      <subfield code="o">338.2 V112c</subfield>
      <subfield code="e">Secretaría de Extensión</subfield>
      <subfield code="8">CG</subfield>
    </datafield>
    <datafield tag="952" ind1=" " ind2=" ">
      <subfield code="a">BIB_RECT</subfield>
      <subfield code="b">BIB_UARG</subfield>
      <subfield code="d">2014-03-13</subfield>
      <subfield code="y">BK</subfield>
      <subfield code="p">05-45990</subfield>
      <subfield code="i">05-45990</subfield>
      <subfield code="g">40</subfield>
      <subfield code="o">338.2 V112c</subfield>
      <subfield code="e">Secretaría de Extensión</subfield>
      <subfield code="8">CG</subfield>
    </datafield>
    <datafield tag="952" ind1=" " ind2=" ">
      <subfield code="a">BIB_RECT</subfield>
      <subfield code="b">SAT_TRUN</subfield>
      <subfield code="d">2014-03-12</subfield>
      <subfield code="y">BK</subfield>
      <subfield code="p">10-46005</subfield>
      <subfield code="i">10-46005</subfield>
      <subfield code="g">40</subfield>
      <subfield code="o">338.2 V112c</subfield>
      <subfield code="e">Secretaría de Extensión</subfield>
      <subfield code="8">CG</subfield>
    </datafield>
    <datafield tag="952" ind1=" " ind2=" ">
      <subfield code="a">BIB_RECT</subfield>
      <subfield code="b">SAT_PBNA</subfield>
      <subfield code="d">2014-03-13</subfield>
      <subfield code="y">BK</subfield>
      <subfield code="p">11-46002</subfield>
      <subfield code="i">11-46002</subfield>
      <subfield code="g">40</subfield>
      <subfield code="o">338.2 V112c</subfield>
      <subfield code="e">Secretaría de Extensión</subfield>
      <subfield code="8">CG</subfield>
    </datafield>
    <datafield tag="952" ind1=" " ind2=" ">
      <subfield code="a">BIB_RECT</subfield>
      <subfield code="b">SAT_CLFT</subfield>
      <subfield code="d">2014-03-05</subfield>
      <subfield code="y">BK</subfield>
      <subfield code="p">12-46007</subfield>
      <subfield code="i">12-46007</subfield>
      <subfield code="g">40</subfield>
      <subfield code="o">338.2 V112c</subfield>
      <subfield code="e">Secretaría de Extensión</subfield>
      <subfield code="8">CG</subfield>
    </datafield>
    <datafield tag="952" ind1=" " ind2=" ">
      <subfield code="a">BIB_RECT</subfield>
      <subfield code="b">SAT_PMDN </subfield>
      <subfield code="d">2014-03-12</subfield>
      <subfield code="y">BK</subfield>
      <subfield code="p">15-46004</subfield>
      <subfield code="i">15-46004</subfield>
      <subfield code="g">40</subfield>
      <subfield code="o">338.2 V112c</subfield>
      <subfield code="e">Secretaría de Extensión</subfield>
      <subfield code="8">CG</subfield>
    </datafield>
    <datafield tag="952" ind1=" " ind2=" ">
      <subfield code="a">BIB_RECT</subfield>
      <subfield code="b">SAT_APSI </subfield>
      <subfield code="d">2014-03-12</subfield>
      <subfield code="y">BK</subfield>
      <subfield code="p">16-46003</subfield>
      <subfield code="i">16-46003</subfield>
      <subfield code="g">40</subfield>
      <subfield code="o">338.2 V112c</subfield>
      <subfield code="e">Secretaría de Extensión</subfield>
      <subfield code="8">CG</subfield>
    </datafield>
    <datafield tag="952" ind1=" " ind2=" ">
      <subfield code="a">BIB_RECT</subfield>
      <subfield code="b">SAT_RGRA</subfield>
      <subfield code="d">2014-03-13</subfield>
      <subfield code="y">BK</subfield>
      <subfield code="p">17-46000</subfield>
      <subfield code="i">17-46000</subfield>
      <subfield code="g">40</subfield>
      <subfield code="o">338.2 V112c</subfield>
      <subfield code="e">Secretaría de Extensión</subfield>
      <subfield code="8">CG</subfield>
    </datafield>
    <datafield tag="952" ind1=" " ind2=" ">
      <subfield code="a">BIB_RECT</subfield>
      <subfield code="b">SAT_GREG</subfield>
      <subfield code="d">2014-03-13</subfield>
      <subfield code="y">BK</subfield>
      <subfield code="p">18-46001</subfield>
      <subfield code="i">18-46001</subfield>
      <subfield code="g">40</subfield>
      <subfield code="o">338.2 V112c</subfield>
      <subfield code="e">Secretaría de Extensión</subfield>
      <subfield code="8">CG</subfield>
    </datafield>
    <datafield tag="952" ind1=" " ind2=" ">
      <subfield code="a">BIB_RECT</subfield>
      <subfield code="b">SAT_USHU</subfield>
      <subfield code="d">2014-03-12</subfield>
      <subfield code="y">BK</subfield>
      <subfield code="p">19-46006</subfield>
      <subfield code="i">19-46006</subfield>
      <subfield code="g">40</subfield>
      <subfield code="o">338.2 V112c</subfield>
      <subfield code="e">Secretaría de Extensión</subfield>
      <subfield code="8">CG</subfield>
    </datafield>
  </record>