
  <record>
    <leader>01000aam  22002601a 4500</leader>
    <controlfield tag="001">YPZ98436</controlfield>
    <controlfield tag="003">YPZ</controlfield>
    <controlfield tag="005">201403181000490</controlfield>
    <controlfield tag="008">140318|###########||||||b||||||||||spa|d</controlfield>
    <datafield tag="020" ind1=" " ind2=" ">
      <subfield code="a">9789508023483</subfield>
    </datafield>
    <datafield tag="040" ind1=" " ind2=" ">
      <subfield code="c">SIUNPA</subfield>
    </datafield>
    <datafield tag="041" ind1=" " ind2=" ">
      <subfield code="a">spa</subfield>
    </datafield>
    <datafield tag="044" ind1=" " ind2=" ">
      <subfield code="a">AR</subfield>
    </datafield>
    <datafield tag="080" ind1=" " ind2=" ">
      <subfield code="a">364.442.2 I619i</subfield>
    </datafield>
    <datafield tag="245" ind1=" " ind2=" ">
      <subfield code="a">Intervenciones de trabajo en el área de la salud</subfield>
      <subfield code="b"> : implicancias y reflexiones</subfield>
      <subfield code="c"> / Garmendia, Olga, comp. ; Biasi, Stella de, comp. ; Castiglia, Laura, comp. ; De Vincenzo, Natalia, comp. ; Mancini, M. Soledad, comp. ; Moreira, Verónica, comp.</subfield>
    </datafield>
    <datafield tag="250" ind1=" " ind2=" ">
      <subfield code="a">1a ed.</subfield>
    </datafield>
    <datafield tag="260" ind1=" " ind2=" ">
      <subfield code="a">Buenos Aires</subfield>
      <subfield code="b"> : Espacio</subfield>
      <subfield code="c"> , 2012</subfield>
    </datafield>
    <datafield tag="650" ind1=" " ind2=" ">
      <subfield code="a"> TRABAJO SOCIAL</subfield>
    </datafield>
    <datafield tag="650" ind1=" " ind2=" ">
      <subfield code="a"> SALUD</subfield>
    </datafield>
    <datafield tag="942" ind1=" " ind2=" ">
      <subfield code="c">BK</subfield>
    </datafield>
    <datafield tag="952" ind1=" " ind2=" ">
      <subfield code="a">BIB_RECT</subfield>
      <subfield code="b">BIB_UARG</subfield>
      <subfield code="d">2014-03-18</subfield>
      <subfield code="y">BK</subfield>
      <subfield code="p">05-46033</subfield>
      <subfield code="i">05-46033</subfield>
      <subfield code="g">58</subfield>
      <subfield code="o">364.442.2 I619i</subfield>
      <subfield code="e">Compra SIUNPA</subfield>
      <subfield code="8">CG</subfield>
    </datafield>
    <datafield tag="952" ind1=" " ind2=" ">
      <subfield code="a">BIB_RECT</subfield>
      <subfield code="b">BIB_UARG</subfield>
      <subfield code="d">2014-03-18</subfield>
      <subfield code="y">BK</subfield>
      <subfield code="p">05-46034</subfield>
      <subfield code="i">05-46034</subfield>
      <subfield code="g">58</subfield>
      <subfield code="o">364.442.2 I619i</subfield>
      <subfield code="e">Compra SIUNPA</subfield>
      <subfield code="8">CG</subfield>
    </datafield>
    <datafield tag="952" ind1=" " ind2=" ">
      <subfield code="a">BIB_RECT</subfield>
      <subfield code="b">BIB_UARG</subfield>
      <subfield code="d">2014-03-18</subfield>
      <subfield code="y">BK</subfield>
      <subfield code="p">05-46035</subfield>
      <subfield code="i">05-46035</subfield>
      <subfield code="g">58</subfield>
      <subfield code="o">364.442.2 I619i</subfield>
      <subfield code="e">Compra SIUNPA</subfield>
      <subfield code="8">CG</subfield>
    </datafield>
  </record>