
  <record>
    <leader>01000aam  22002601a 4500</leader>
    <controlfield tag="001">YPZ98453</controlfield>
    <controlfield tag="003">YPZ</controlfield>
    <controlfield tag="005">201403191607490</controlfield>
    <controlfield tag="008">140319|###########||||||b||||||||||spa|d</controlfield>
    <datafield tag="040" ind1=" " ind2=" ">
      <subfield code="c">SIUNPA</subfield>
    </datafield>
    <datafield tag="041" ind1=" " ind2=" ">
      <subfield code="a">spa</subfield>
    </datafield>
    <datafield tag="044" ind1=" " ind2=" ">
      <subfield code="a">CL</subfield>
    </datafield>
    <datafield tag="080" ind1=" " ind2=" ">
      <subfield code="a">R639.2(038) C537g</subfield>
    </datafield>
    <datafield tag="110" ind1=" " ind2=" ">
      <subfield code="a">Chile. Ministerio de Economía. Servicio Nacional de Pesca.</subfield>
    </datafield>
    <datafield tag="245" ind1=" " ind2=" ">
      <subfield code="a">Glosario de términos de uso frecuente en el sector pesquero</subfield>
      <subfield code="c"> / Elissetche, Jacqueline, comp.</subfield>
    </datafield>
    <datafield tag="260" ind1=" " ind2=" ">
      <subfield code="a">Santiago de Chile</subfield>
      <subfield code="b"> : Oficina Regional de la FAO para América Latina y el Caribe</subfield>
      <subfield code="b"> : Servicio Nacional de Pesca, Ministerio de Economía</subfield>
      <subfield code="c"> , 1992</subfield>
    </datafield>
    <datafield tag="650" ind1=" " ind2=" ">
      <subfield code="a"> PESCA</subfield>
    </datafield>
    <datafield tag="650" ind1=" " ind2=" ">
      <subfield code="a"> GLOSARIO</subfield>
    </datafield>
    <datafield tag="942" ind1=" " ind2=" ">
      <subfield code="c">BK</subfield>
    </datafield>
    <datafield tag="952" ind1=" " ind2=" ">
      <subfield code="a">BIB_RECT</subfield>
      <subfield code="b">BIB_UARG</subfield>
      <subfield code="d">2014-03-17</subfield>
      <subfield code="y">BK</subfield>
      <subfield code="p">05-09026</subfield>
      <subfield code="i">05-09026</subfield>
      <subfield code="g">100</subfield>
      <subfield code="o">R639.2(038) C537g</subfield>
      <subfield code="e">Migración UARG</subfield>
      <subfield code="8">CR</subfield>
    </datafield>
    <datafield tag="952" ind1=" " ind2=" ">
      <subfield code="a">BIB_RECT</subfield>
      <subfield code="b">BIB_UARG</subfield>
      <subfield code="d">2014-03-17</subfield>
      <subfield code="y">BK</subfield>
      <subfield code="p">05-09027</subfield>
      <subfield code="i">05-09027</subfield>
      <subfield code="g">100</subfield>
      <subfield code="o">R639.2(038) C537g</subfield>
      <subfield code="e">Migración UARG</subfield>
      <subfield code="8">CR</subfield>
    </datafield>
  </record>