
  <record>
    <leader>01000aam  22002601a 4500</leader>
    <controlfield tag="001">YPZ98505</controlfield>
    <controlfield tag="003">YPZ</controlfield>
    <controlfield tag="005">201404301047390</controlfield>
    <controlfield tag="008">140430|###########||||||b||||||||||spa|d</controlfield>
    <datafield tag="020" ind1=" " ind2=" ">
      <subfield code="a">9789871242962</subfield>
    </datafield>
    <datafield tag="040" ind1=" " ind2=" ">
      <subfield code="c">SIUNPA</subfield>
    </datafield>
    <datafield tag="041" ind1=" " ind2=" ">
      <subfield code="a">spa</subfield>
    </datafield>
    <datafield tag="044" ind1=" " ind2=" ">
      <subfield code="a">AR</subfield>
    </datafield>
    <datafield tag="080" ind1=" " ind2=" ">
      <subfield code="a">82-36 S192b</subfield>
    </datafield>
    <datafield tag="100" ind1=" " ind2=" ">
      <subfield code="a">Sampaoli, Patricia.</subfield>
    </datafield>
    <datafield tag="245" ind1=" " ind2=" ">
      <subfield code="a">El boliche de Sotuyo</subfield>
      <subfield code="b"> : una historia de principios del siglo XX en el sur de la Patagonia</subfield>
      <subfield code="c"> / Morichetti, Gustavo, il.</subfield>
    </datafield>
    <datafield tag="250" ind1=" " ind2=" ">
      <subfield code="a">1a ed.</subfield>
    </datafield>
    <datafield tag="260" ind1=" " ind2=" ">
      <subfield code="a">Río Gallegos</subfield>
      <subfield code="b"> : Universidad Nacional de la Patagonia Austral, UNPAedita</subfield>
      <subfield code="c"> , 2013</subfield>
    </datafield>
    <datafield tag="650" ind1=" " ind2=" ">
      <subfield code="a"> HISTORIETA</subfield>
    </datafield>
    <datafield tag="650" ind1=" " ind2=" ">
      <subfield code="a"> SIGLO XX</subfield>
    </datafield>
    <datafield tag="650" ind1=" " ind2=" ">
      <subfield code="a"> CALETA OLIVIA (SANTA CRUZ)</subfield>
    </datafield>
    <datafield tag="942" ind1=" " ind2=" ">
      <subfield code="c">BK</subfield>
    </datafield>
    <datafield tag="952" ind1=" " ind2=" ">
      <subfield code="a">BIB_RECT</subfield>
      <subfield code="b">BIB_UACO</subfield>
      <subfield code="d">2014-04-28</subfield>
      <subfield code="y">BK</subfield>
      <subfield code="p">02-46141</subfield>
      <subfield code="i">02-46141</subfield>
      <subfield code="g">100</subfield>
      <subfield code="o">82-36 S192b</subfield>
      <subfield code="e">Secretaría de Ext. Universitaria</subfield>
      <subfield code="8">CG</subfield>
    </datafield>
    <datafield tag="952" ind1=" " ind2=" ">
      <subfield code="a">BIB_RECT</subfield>
      <subfield code="b">BIB_UACO</subfield>
      <subfield code="d">2014-04-28</subfield>
      <subfield code="y">BK</subfield>
      <subfield code="p">02-46142</subfield>
      <subfield code="i">02-46142</subfield>
      <subfield code="g">100</subfield>
      <subfield code="o">82-36 S192b</subfield>
      <subfield code="e">Secretaría de Ext. Universitaria</subfield>
      <subfield code="8">CG</subfield>
    </datafield>
    <datafield tag="952" ind1=" " ind2=" ">
      <subfield code="a">BIB_RECT</subfield>
      <subfield code="b">BIB_UACO</subfield>
      <subfield code="d">2014-04-28</subfield>
      <subfield code="y">BK</subfield>
      <subfield code="p">02-46143</subfield>
      <subfield code="i">02-46143</subfield>
      <subfield code="g">100</subfield>
      <subfield code="o">82-36 S192b</subfield>
      <subfield code="e">Secretaría de Ext. Universitar</subfield>
      <subfield code="8">CG</subfield>
    </datafield>
    <datafield tag="952" ind1=" " ind2=" ">
      <subfield code="a">BIB_RECT</subfield>
      <subfield code="b">BIB_UART</subfield>
      <subfield code="d">2014-04-28</subfield>
      <subfield code="y">BK</subfield>
      <subfield code="p">03-46144</subfield>
      <subfield code="i">03-46144</subfield>
      <subfield code="g">100</subfield>
      <subfield code="o">82-36 S192b</subfield>
      <subfield code="e">Secretaría de Ext. Universitaria</subfield>
      <subfield code="8">CG</subfield>
    </datafield>
    <datafield tag="952" ind1=" " ind2=" ">
      <subfield code="a">BIB_RECT</subfield>
      <subfield code="b">BIB_UART</subfield>
      <subfield code="d">2014-04-28</subfield>
      <subfield code="y">BK</subfield>
      <subfield code="p">03-46145</subfield>
      <subfield code="i">03-46145</subfield>
      <subfield code="g">100</subfield>
      <subfield code="o">82-36 S192b</subfield>
      <subfield code="e">Secretaría de Ext. Universitaria</subfield>
      <subfield code="8">CG</subfield>
    </datafield>
    <datafield tag="952" ind1=" " ind2=" ">
      <subfield code="a">BIB_RECT</subfield>
      <subfield code="b">BIB_UART</subfield>
      <subfield code="d">2014-04-28</subfield>
      <subfield code="y">BK</subfield>
      <subfield code="p">03-46146</subfield>
      <subfield code="i">03-46146</subfield>
      <subfield code="g">100</subfield>
      <subfield code="o">82-36 S192b</subfield>
      <subfield code="e">Secretaría de Ext. Universitaria</subfield>
      <subfield code="8">CG</subfield>
    </datafield>
    <datafield tag="952" ind1=" " ind2=" ">
      <subfield code="a">BIB_RECT</subfield>
      <subfield code="b">BIB_UASJ</subfield>
      <subfield code="d">2014-04-28</subfield>
      <subfield code="y">BK</subfield>
      <subfield code="p">04-46150</subfield>
      <subfield code="i">04-46150</subfield>
      <subfield code="g">100</subfield>
      <subfield code="o">82-36 S192b</subfield>
      <subfield code="e">Secretaría de Ext. Universitaria</subfield>
      <subfield code="8">CG</subfield>
    </datafield>
    <datafield tag="952" ind1=" " ind2=" ">
      <subfield code="a">BIB_RECT</subfield>
      <subfield code="b">BIB_UASJ</subfield>
      <subfield code="d">2014-04-28</subfield>
      <subfield code="y">BK</subfield>
      <subfield code="p">04-46151</subfield>
      <subfield code="i">04-46151</subfield>
      <subfield code="g">100</subfield>
      <subfield code="o">82-36 S192b</subfield>
      <subfield code="e">Secretaría de Ext. Universitaria</subfield>
      <subfield code="8">CG</subfield>
    </datafield>
    <datafield tag="952" ind1=" " ind2=" ">
      <subfield code="a">BIB_RECT</subfield>
      <subfield code="b">BIB_UASJ</subfield>
      <subfield code="d">2014-04-28</subfield>
      <subfield code="y">BK</subfield>
      <subfield code="p">04-46152</subfield>
      <subfield code="i">04-46152</subfield>
      <subfield code="g">100</subfield>
      <subfield code="o">82-36 S192b</subfield>
      <subfield code="e">Secretaría de Ext. Universitaria</subfield>
      <subfield code="8">CG</subfield>
    </datafield>
    <datafield tag="952" ind1=" " ind2=" ">
      <subfield code="a">BIB_RECT</subfield>
      <subfield code="b">BIB_UARG</subfield>
      <subfield code="d">2014-04-28</subfield>
      <subfield code="y">BK</subfield>
      <subfield code="p">05-46147</subfield>
      <subfield code="i">05-46147</subfield>
      <subfield code="g">100</subfield>
      <subfield code="o">82-36 S192b</subfield>
      <subfield code="e">Secretaría de Ext. Universitaria</subfield>
      <subfield code="8">CG</subfield>
    </datafield>
    <datafield tag="952" ind1=" " ind2=" ">
      <subfield code="a">BIB_RECT</subfield>
      <subfield code="b">BIB_UARG</subfield>
      <subfield code="d">2014-04-28</subfield>
      <subfield code="y">BK</subfield>
      <subfield code="p">05-46148</subfield>
      <subfield code="i">05-46148</subfield>
      <subfield code="g">100</subfield>
      <subfield code="o">82-36 S192b</subfield>
      <subfield code="e">Secretaría de Ext. Universitaria</subfield>
      <subfield code="8">CG</subfield>
    </datafield>
    <datafield tag="952" ind1=" " ind2=" ">
      <subfield code="a">BIB_RECT</subfield>
      <subfield code="b">BIB_UARG</subfield>
      <subfield code="d">2014-04-28</subfield>
      <subfield code="y">BK</subfield>
      <subfield code="p">05-46149</subfield>
      <subfield code="i">05-46149</subfield>
      <subfield code="g">100</subfield>
      <subfield code="o">82-36 S192b</subfield>
      <subfield code="e">Secretaría de Ext. Universitaria</subfield>
      <subfield code="8">CG</subfield>
    </datafield>
    <datafield tag="952" ind1=" " ind2=" ">
      <subfield code="a">BIB_RECT</subfield>
      <subfield code="b">SAT_PBNA</subfield>
      <subfield code="d">2014-04-28</subfield>
      <subfield code="y">BK</subfield>
      <subfield code="p">10-46156</subfield>
      <subfield code="i">10-46156</subfield>
      <subfield code="g">100</subfield>
      <subfield code="o">82-36 S192b</subfield>
      <subfield code="e">Secretaría de Ext. Universitaria</subfield>
      <subfield code="8">CG</subfield>
    </datafield>
    <datafield tag="952" ind1=" " ind2=" ">
      <subfield code="a">BIB_RECT</subfield>
      <subfield code="b">SAT_PBNA</subfield>
      <subfield code="d">2014-04-28</subfield>
      <subfield code="y">BK</subfield>
      <subfield code="p">11-46158</subfield>
      <subfield code="i">11-46158</subfield>
      <subfield code="g">100</subfield>
      <subfield code="o">82-36 S192b</subfield>
      <subfield code="e">Secretaría de Ext. Universitaria</subfield>
      <subfield code="8">CG</subfield>
    </datafield>
    <datafield tag="952" ind1=" " ind2=" ">
      <subfield code="a">BIB_RECT</subfield>
      <subfield code="b">SAT_CLFT</subfield>
      <subfield code="d">2014-04-28</subfield>
      <subfield code="y">BK</subfield>
      <subfield code="p">12-46160</subfield>
      <subfield code="i">12-46160</subfield>
      <subfield code="g">100</subfield>
      <subfield code="o">82-36 S192b</subfield>
      <subfield code="e">Secretaría de Ext. Universitaria</subfield>
      <subfield code="8">CG</subfield>
    </datafield>
    <datafield tag="952" ind1=" " ind2=" ">
      <subfield code="a">BIB_RECT</subfield>
      <subfield code="b">SAT_PMDN </subfield>
      <subfield code="d">2014-04-28</subfield>
      <subfield code="y">BK</subfield>
      <subfield code="p">15-46157</subfield>
      <subfield code="i">15-46157</subfield>
      <subfield code="g">100</subfield>
      <subfield code="o">82-36 S192b</subfield>
      <subfield code="e">Secretaría de Ext. Universitaria</subfield>
      <subfield code="8">CG</subfield>
    </datafield>
    <datafield tag="952" ind1=" " ind2=" ">
      <subfield code="a">BIB_RECT</subfield>
      <subfield code="b">SAT_PDES</subfield>
      <subfield code="d">2014-04-28</subfield>
      <subfield code="y">BK</subfield>
      <subfield code="p">16-46155</subfield>
      <subfield code="i">16-46155</subfield>
      <subfield code="g">100</subfield>
      <subfield code="o">82-36 S192b</subfield>
      <subfield code="e">Secretaría de Ext. Universitaria</subfield>
      <subfield code="8">CG</subfield>
    </datafield>
    <datafield tag="952" ind1=" " ind2=" ">
      <subfield code="a">BIB_RECT</subfield>
      <subfield code="b">SAT_RGRA</subfield>
      <subfield code="d">2014-04-28</subfield>
      <subfield code="y">BK</subfield>
      <subfield code="p">17-46153</subfield>
      <subfield code="i">17-46153</subfield>
      <subfield code="g">100</subfield>
      <subfield code="o">82-36 S192b</subfield>
      <subfield code="e">Secretaría de Ext. Universitaria</subfield>
      <subfield code="8">CG</subfield>
    </datafield>
    <datafield tag="952" ind1=" " ind2=" ">
      <subfield code="a">BIB_RECT</subfield>
      <subfield code="b">SAT_GREG</subfield>
      <subfield code="d">2014-04-28</subfield>
      <subfield code="y">BK</subfield>
      <subfield code="p">18-46154</subfield>
      <subfield code="i">18-46154</subfield>
      <subfield code="g">100</subfield>
      <subfield code="o">82-36 S192b</subfield>
      <subfield code="e">Secretaría de Ext. Universitaria</subfield>
      <subfield code="8">CG</subfield>
    </datafield>
    <datafield tag="952" ind1=" " ind2=" ">
      <subfield code="a">BIB_RECT</subfield>
      <subfield code="b">SAT_USHU</subfield>
      <subfield code="d">2014-04-28</subfield>
      <subfield code="y">BK</subfield>
      <subfield code="p">19-46159</subfield>
      <subfield code="i">19-46159</subfield>
      <subfield code="g">100</subfield>
      <subfield code="o">82-36 S192b</subfield>
      <subfield code="e">Secretaría de Ext. Universitaria</subfield>
      <subfield code="8">CG</subfield>
    </datafield>
  </record>