
  <record>
    <leader>01000aam  22002601a 4500</leader>
    <controlfield tag="001">YPZ98522</controlfield>
    <controlfield tag="003">YPZ</controlfield>
    <controlfield tag="005">201405291429090</controlfield>
    <controlfield tag="008">140529|###########||||||b||||||||||spa|d</controlfield>
    <datafield tag="020" ind1=" " ind2=" ">
      <subfield code="a">9789871242610</subfield>
    </datafield>
    <datafield tag="040" ind1=" " ind2=" ">
      <subfield code="c">SIUNPA</subfield>
    </datafield>
    <datafield tag="041" ind1=" " ind2=" ">
      <subfield code="a">spa</subfield>
    </datafield>
    <datafield tag="044" ind1=" " ind2=" ">
      <subfield code="a">AR</subfield>
    </datafield>
    <datafield tag="080" ind1=" " ind2=" ">
      <subfield code="a">94(82) F363m</subfield>
    </datafield>
    <datafield tag="100" ind1=" " ind2=" ">
      <subfield code="a">Fernández, Andrés.</subfield>
    </datafield>
    <datafield tag="700" ind1=" " ind2=" ">
      <subfield code="a">Auzoberria, Miguel.</subfield>
    </datafield>
    <datafield tag="245" ind1=" " ind2=" ">
      <subfield code="a">1982: un frío desconocido</subfield>
      <subfield code="b"> : dos muchachos, dos historias, dos islas</subfield>
      <subfield code="c"> / Bergero, Iris, coord.</subfield>
    </datafield>
    <datafield tag="250" ind1=" " ind2=" ">
      <subfield code="a">1a ed.</subfield>
    </datafield>
    <datafield tag="260" ind1=" " ind2=" ">
      <subfield code="a">Buenos Aires</subfield>
      <subfield code="b"> : Universidad Nacional de la Patagonia Austral, UNPAedita</subfield>
      <subfield code="c"> , 2014</subfield>
    </datafield>
    <datafield tag="650" ind1=" " ind2=" ">
      <subfield code="a"> HISTORIA ARGENTINA  ISLAS MALVINAS</subfield>
    </datafield>
    <datafield tag="650" ind1=" " ind2=" ">
      <subfield code="a"> SIGLO XX </subfield>
    </datafield>
    <datafield tag="650" ind1=" " ind2=" ">
      <subfield code="a"> GRAN BRETAÑA</subfield>
    </datafield>
    <datafield tag="650" ind1=" " ind2=" ">
      <subfield code="a"> SOCIOLOGIA HISTORICA </subfield>
    </datafield>
    <datafield tag="650" ind1=" " ind2=" ">
      <subfield code="a"> ARGENTINA</subfield>
    </datafield>
    <datafield tag="650" ind1=" " ind2=" ">
      <subfield code="a"> GUERRA DE MALVINAS</subfield>
    </datafield>
    <datafield tag="650" ind1=" " ind2=" ">
      <subfield code="a"> CONFLICTO INTERNACIONAL</subfield>
    </datafield>
    <datafield tag="942" ind1=" " ind2=" ">
      <subfield code="c">BK</subfield>
    </datafield>
    <datafield tag="952" ind1=" " ind2=" ">
      <subfield code="a">BIB_RECT</subfield>
      <subfield code="b">BIB_UACO</subfield>
      <subfield code="d">2014-05-29</subfield>
      <subfield code="y">BK</subfield>
      <subfield code="p">02-46179</subfield>
      <subfield code="i">02-46179</subfield>
      <subfield code="g">45</subfield>
      <subfield code="o">94(82) F363m</subfield>
      <subfield code="e">Secretaría de Extensión</subfield>
      <subfield code="8">CG</subfield>
    </datafield>
    <datafield tag="952" ind1=" " ind2=" ">
      <subfield code="a">BIB_RECT</subfield>
      <subfield code="b">BIB_UACO</subfield>
      <subfield code="d">2014-05-29</subfield>
      <subfield code="y">BK</subfield>
      <subfield code="p">02-46180</subfield>
      <subfield code="i">02-46180</subfield>
      <subfield code="g">45</subfield>
      <subfield code="o">94(82) F363m</subfield>
      <subfield code="e">Secretaría de Extensión</subfield>
      <subfield code="8">CG</subfield>
    </datafield>
    <datafield tag="952" ind1=" " ind2=" ">
      <subfield code="a">BIB_RECT</subfield>
      <subfield code="b">BIB_UACO</subfield>
      <subfield code="d">2014-05-29</subfield>
      <subfield code="y">BK</subfield>
      <subfield code="p">02-46181</subfield>
      <subfield code="i">02-46181</subfield>
      <subfield code="g">45</subfield>
      <subfield code="o">94(82) F363m</subfield>
      <subfield code="e">Secretaría de Extensión</subfield>
      <subfield code="8">CG</subfield>
    </datafield>
    <datafield tag="952" ind1=" " ind2=" ">
      <subfield code="a">BIB_RECT</subfield>
      <subfield code="b">BIB_UACO</subfield>
      <subfield code="d">2016-04-13</subfield>
      <subfield code="y">BK</subfield>
      <subfield code="p">02-47773</subfield>
      <subfield code="i">02-47773</subfield>
      <subfield code="g">90</subfield>
      <subfield code="o">94(82) F363m</subfield>
      <subfield code="e">Secretaría de Extensión</subfield>
      <subfield code="8">CG</subfield>
    </datafield>
    <datafield tag="952" ind1=" " ind2=" ">
      <subfield code="a">BIB_RECT</subfield>
      <subfield code="b">BIB_UACO</subfield>
      <subfield code="d">2016-04-13</subfield>
      <subfield code="y">BK</subfield>
      <subfield code="p">02-47774</subfield>
      <subfield code="i">02-47774</subfield>
      <subfield code="g">90</subfield>
      <subfield code="o">94(82) F363m</subfield>
      <subfield code="e">Secretaría de Extensión</subfield>
      <subfield code="8">CG</subfield>
    </datafield>
    <datafield tag="952" ind1=" " ind2=" ">
      <subfield code="a">BIB_RECT</subfield>
      <subfield code="b">BIB_UACO</subfield>
      <subfield code="d">2016-04-13</subfield>
      <subfield code="y">BK</subfield>
      <subfield code="p">02-47775</subfield>
      <subfield code="i">02-47775</subfield>
      <subfield code="g">90</subfield>
      <subfield code="o">94(82) F363m</subfield>
      <subfield code="e">Secretaría de Extensión</subfield>
      <subfield code="8">CG</subfield>
    </datafield>
    <datafield tag="952" ind1=" " ind2=" ">
      <subfield code="a">BIB_RECT</subfield>
      <subfield code="b">BIB_UART</subfield>
      <subfield code="d">2014-05-29</subfield>
      <subfield code="y">BK</subfield>
      <subfield code="p">03-46170</subfield>
      <subfield code="i">03-46170</subfield>
      <subfield code="g">45</subfield>
      <subfield code="o">94(82) F363m</subfield>
      <subfield code="e">Secretaría de Extensión</subfield>
      <subfield code="8">CG</subfield>
    </datafield>
    <datafield tag="952" ind1=" " ind2=" ">
      <subfield code="a">BIB_RECT</subfield>
      <subfield code="b">BIB_UART</subfield>
      <subfield code="d">2014-05-29</subfield>
      <subfield code="y">BK</subfield>
      <subfield code="p">03-46171</subfield>
      <subfield code="i">03-46171</subfield>
      <subfield code="g">45</subfield>
      <subfield code="o">94(82) F363m</subfield>
      <subfield code="e">Secretaría de Extensión</subfield>
      <subfield code="8">CG</subfield>
    </datafield>
    <datafield tag="952" ind1=" " ind2=" ">
      <subfield code="a">BIB_RECT</subfield>
      <subfield code="b">BIB_UART</subfield>
      <subfield code="d">2014-05-29</subfield>
      <subfield code="y">BK</subfield>
      <subfield code="p">03-46172</subfield>
      <subfield code="i">03-46172</subfield>
      <subfield code="g">45</subfield>
      <subfield code="o">94(82) F363m</subfield>
      <subfield code="e">Secretaría de Extensión</subfield>
      <subfield code="8">CG</subfield>
    </datafield>
    <datafield tag="952" ind1=" " ind2=" ">
      <subfield code="a">BIB_RECT</subfield>
      <subfield code="b">BIB_UART</subfield>
      <subfield code="d">2016-04-18</subfield>
      <subfield code="y">BK</subfield>
      <subfield code="p">03-47809</subfield>
      <subfield code="i">03-47809</subfield>
      <subfield code="g">90</subfield>
      <subfield code="o">94(82) F363m</subfield>
      <subfield code="e">Secretaría de Extensión</subfield>
      <subfield code="8">CG</subfield>
    </datafield>
    <datafield tag="952" ind1=" " ind2=" ">
      <subfield code="a">BIB_RECT</subfield>
      <subfield code="b">BIB_UART</subfield>
      <subfield code="d">2016-04-18</subfield>
      <subfield code="y">BK</subfield>
      <subfield code="p">03-47810</subfield>
      <subfield code="i">03-47810</subfield>
      <subfield code="g">90</subfield>
      <subfield code="o">94(82) F363m</subfield>
      <subfield code="e">Secretaría de Extensión</subfield>
      <subfield code="8">CG</subfield>
    </datafield>
    <datafield tag="952" ind1=" " ind2=" ">
      <subfield code="a">BIB_RECT</subfield>
      <subfield code="b">BIB_UART</subfield>
      <subfield code="d">2016-04-18</subfield>
      <subfield code="y">BK</subfield>
      <subfield code="p">03-47811</subfield>
      <subfield code="i">03-47811</subfield>
      <subfield code="g">90</subfield>
      <subfield code="o">94(82) F363m</subfield>
      <subfield code="e">Secretaría de Extensión</subfield>
      <subfield code="8">CG</subfield>
    </datafield>
    <datafield tag="952" ind1=" " ind2=" ">
      <subfield code="a">BIB_RECT</subfield>
      <subfield code="b">BIB_UASJ</subfield>
      <subfield code="d">2014-05-29</subfield>
      <subfield code="y">BK</subfield>
      <subfield code="p">04-46176</subfield>
      <subfield code="i">04-46176</subfield>
      <subfield code="g">45</subfield>
      <subfield code="o">94(82) F363m</subfield>
      <subfield code="e">Secretaría de Extensión</subfield>
      <subfield code="8">CG</subfield>
    </datafield>
    <datafield tag="952" ind1=" " ind2=" ">
      <subfield code="a">BIB_RECT</subfield>
      <subfield code="b">BIB_UASJ</subfield>
      <subfield code="d">2014-05-29</subfield>
      <subfield code="y">BK</subfield>
      <subfield code="p">04-46177</subfield>
      <subfield code="i">04-46177</subfield>
      <subfield code="g">45</subfield>
      <subfield code="o">94(82) F363m</subfield>
      <subfield code="e">Secretaría de Extensión</subfield>
      <subfield code="8">CG</subfield>
    </datafield>
    <datafield tag="952" ind1=" " ind2=" ">
      <subfield code="a">BIB_RECT</subfield>
      <subfield code="b">BIB_UASJ</subfield>
      <subfield code="d">2014-05-29</subfield>
      <subfield code="y">BK</subfield>
      <subfield code="p">04-46178</subfield>
      <subfield code="i">04-46178</subfield>
      <subfield code="g">45</subfield>
      <subfield code="o">94(82) F363m</subfield>
      <subfield code="e">Secretaría de Extensión</subfield>
      <subfield code="8">CG</subfield>
    </datafield>
    <datafield tag="952" ind1=" " ind2=" ">
      <subfield code="a">BIB_RECT</subfield>
      <subfield code="b">BIB_UASJ</subfield>
      <subfield code="d">2016-04-14</subfield>
      <subfield code="y">BK</subfield>
      <subfield code="p">04-47791</subfield>
      <subfield code="i">04-47791</subfield>
      <subfield code="g">90</subfield>
      <subfield code="o">94(82) F363m</subfield>
      <subfield code="e">Secretaría de Extensión</subfield>
      <subfield code="8">CG</subfield>
    </datafield>
    <datafield tag="952" ind1=" " ind2=" ">
      <subfield code="a">BIB_RECT</subfield>
      <subfield code="b">BIB_UASJ</subfield>
      <subfield code="d">2016-04-14</subfield>
      <subfield code="y">BK</subfield>
      <subfield code="p">04-47792</subfield>
      <subfield code="i">04-47792</subfield>
      <subfield code="g">90</subfield>
      <subfield code="o">94(82) F363m</subfield>
      <subfield code="e">Secretaría de Extensión</subfield>
      <subfield code="8">CG</subfield>
    </datafield>
    <datafield tag="952" ind1=" " ind2=" ">
      <subfield code="a">BIB_RECT</subfield>
      <subfield code="b">BIB_UASJ</subfield>
      <subfield code="d">2016-04-14</subfield>
      <subfield code="y">BK</subfield>
      <subfield code="p">04-47793</subfield>
      <subfield code="i">04-47793</subfield>
      <subfield code="g">90</subfield>
      <subfield code="o">94(82) F363m</subfield>
      <subfield code="e">Secretaría de Extensión</subfield>
      <subfield code="8">CG</subfield>
    </datafield>
    <datafield tag="952" ind1=" " ind2=" ">
      <subfield code="a">BIB_RECT</subfield>
      <subfield code="b">BIB_UARG</subfield>
      <subfield code="d">2014-05-29</subfield>
      <subfield code="y">BK</subfield>
      <subfield code="p">05-46173</subfield>
      <subfield code="i">05-46173</subfield>
      <subfield code="g">45</subfield>
      <subfield code="o">94(82) F363m</subfield>
      <subfield code="e">Secretaría de Extensión</subfield>
      <subfield code="8">CG</subfield>
    </datafield>
    <datafield tag="952" ind1=" " ind2=" ">
      <subfield code="a">BIB_RECT</subfield>
      <subfield code="b">BIB_UARG</subfield>
      <subfield code="d">2014-05-29</subfield>
      <subfield code="y">BK</subfield>
      <subfield code="p">05-46174</subfield>
      <subfield code="i">05-46174</subfield>
      <subfield code="g">45</subfield>
      <subfield code="o">94(82) F363m</subfield>
      <subfield code="e">Secretaría de Extensión</subfield>
      <subfield code="8">CG</subfield>
    </datafield>
    <datafield tag="952" ind1=" " ind2=" ">
      <subfield code="a">BIB_RECT</subfield>
      <subfield code="b">BIB_UARG</subfield>
      <subfield code="d">2014-05-29</subfield>
      <subfield code="y">BK</subfield>
      <subfield code="p">05-46175</subfield>
      <subfield code="i">05-46175</subfield>
      <subfield code="g">45</subfield>
      <subfield code="o">94(82) F363m</subfield>
      <subfield code="e">Secretaría de Extensión</subfield>
      <subfield code="8">CG</subfield>
    </datafield>
    <datafield tag="952" ind1=" " ind2=" ">
      <subfield code="a">BIB_RECT</subfield>
      <subfield code="b">BIB_UARG</subfield>
      <subfield code="d">2014-10-03</subfield>
      <subfield code="y">BK</subfield>
      <subfield code="p">05-46681</subfield>
      <subfield code="i">05-46681</subfield>
      <subfield code="g">40</subfield>
      <subfield code="o">94(82) F363m</subfield>
      <subfield code="e">Barbieri, Virginia</subfield>
      <subfield code="8">CG</subfield>
    </datafield>
    <datafield tag="952" ind1=" " ind2=" ">
      <subfield code="a">BIB_RECT</subfield>
      <subfield code="b">BIB_UARG</subfield>
      <subfield code="d">2014-10-03</subfield>
      <subfield code="y">BK</subfield>
      <subfield code="p">05-46682</subfield>
      <subfield code="i">05-46682</subfield>
      <subfield code="g">40</subfield>
      <subfield code="o">94(82) F363m</subfield>
      <subfield code="e">Barbieri, Virginia</subfield>
      <subfield code="8">CG</subfield>
    </datafield>
    <datafield tag="952" ind1=" " ind2=" ">
      <subfield code="a">BIB_RECT</subfield>
      <subfield code="b">BIB_UARG</subfield>
      <subfield code="d">2016-04-08</subfield>
      <subfield code="y">BK</subfield>
      <subfield code="p">05-47755</subfield>
      <subfield code="i">05-47755</subfield>
      <subfield code="g">90</subfield>
      <subfield code="o">94(82) F363m</subfield>
      <subfield code="e">Secretaría de Extensión</subfield>
      <subfield code="8">CG</subfield>
    </datafield>
    <datafield tag="952" ind1=" " ind2=" ">
      <subfield code="a">BIB_RECT</subfield>
      <subfield code="b">BIB_UARG</subfield>
      <subfield code="d">2016-04-08</subfield>
      <subfield code="y">BK</subfield>
      <subfield code="p">05-47756</subfield>
      <subfield code="i">05-47756</subfield>
      <subfield code="g">90</subfield>
      <subfield code="o">94(82) F363m</subfield>
      <subfield code="e">Secretaría de Extensión</subfield>
      <subfield code="8">CG</subfield>
    </datafield>
    <datafield tag="952" ind1=" " ind2=" ">
      <subfield code="a">BIB_RECT</subfield>
      <subfield code="b">BIB_UARG</subfield>
      <subfield code="d">2016-04-08</subfield>
      <subfield code="y">BK</subfield>
      <subfield code="p">05-47757</subfield>
      <subfield code="i">05-47757</subfield>
      <subfield code="g">90</subfield>
      <subfield code="o">94(82) F363m</subfield>
      <subfield code="e">Secretaría de Extensión</subfield>
      <subfield code="8">CG</subfield>
    </datafield>
    <datafield tag="952" ind1=" " ind2=" ">
      <subfield code="a">BIB_RECT</subfield>
      <subfield code="b">SAT_TRUN</subfield>
      <subfield code="d">2014-05-29</subfield>
      <subfield code="y">BK</subfield>
      <subfield code="p">10-46187</subfield>
      <subfield code="i">10-46187</subfield>
      <subfield code="g">45</subfield>
      <subfield code="o">94(82) F363m</subfield>
      <subfield code="e">Secretaría de Extensión</subfield>
      <subfield code="8">CG</subfield>
    </datafield>
    <datafield tag="952" ind1=" " ind2=" ">
      <subfield code="a">BIB_RECT</subfield>
      <subfield code="b">SAT_TRUN</subfield>
      <subfield code="d">2016-04-21</subfield>
      <subfield code="y">BK</subfield>
      <subfield code="p">10-47844</subfield>
      <subfield code="i">10-47844</subfield>
      <subfield code="g">90</subfield>
      <subfield code="o">94(82) F363m</subfield>
      <subfield code="e">Secretaría de Extensión</subfield>
      <subfield code="8">CG</subfield>
    </datafield>
    <datafield tag="952" ind1=" " ind2=" ">
      <subfield code="a">BIB_RECT</subfield>
      <subfield code="b">SAT_PBNA</subfield>
      <subfield code="d">2014-05-29</subfield>
      <subfield code="y">BK</subfield>
      <subfield code="p">11-46184</subfield>
      <subfield code="i">11-46184</subfield>
      <subfield code="g">45</subfield>
      <subfield code="o">94(82) F363m</subfield>
      <subfield code="e">Secretaría de Extensión</subfield>
      <subfield code="8">CG</subfield>
    </datafield>
    <datafield tag="952" ind1=" " ind2=" ">
      <subfield code="a">BIB_RECT</subfield>
      <subfield code="b">SAT_PBNA</subfield>
      <subfield code="d">2016-04-25</subfield>
      <subfield code="y">BK</subfield>
      <subfield code="p">11-47887</subfield>
      <subfield code="i">11-47887</subfield>
      <subfield code="g">90</subfield>
      <subfield code="o">94(82) F363m</subfield>
      <subfield code="e">Secretaría de Extensión</subfield>
      <subfield code="8">CG</subfield>
    </datafield>
    <datafield tag="952" ind1=" " ind2=" ">
      <subfield code="a">BIB_RECT</subfield>
      <subfield code="b">SAT_CLFT</subfield>
      <subfield code="d">2014-05-29</subfield>
      <subfield code="y">BK</subfield>
      <subfield code="p">12-46189</subfield>
      <subfield code="i">12-46189</subfield>
      <subfield code="g">45</subfield>
      <subfield code="o">94(82) F363m</subfield>
      <subfield code="e">Secretaría de Extensión</subfield>
      <subfield code="8">CG</subfield>
    </datafield>
    <datafield tag="952" ind1=" " ind2=" ">
      <subfield code="a">BIB_RECT</subfield>
      <subfield code="b">SAT_CLFT</subfield>
      <subfield code="d">2016-04-25</subfield>
      <subfield code="y">BK</subfield>
      <subfield code="p">12-47863</subfield>
      <subfield code="i">12-47863</subfield>
      <subfield code="g">90</subfield>
      <subfield code="o">94(82) F363m</subfield>
      <subfield code="e">Secretaría de Extensión</subfield>
      <subfield code="8">CG</subfield>
    </datafield>
    <datafield tag="952" ind1=" " ind2=" ">
      <subfield code="a">BIB_RECT</subfield>
      <subfield code="b">SAT_PMDN </subfield>
      <subfield code="d">2014-05-29</subfield>
      <subfield code="y">BK</subfield>
      <subfield code="p">15-46186</subfield>
      <subfield code="i">15-46186</subfield>
      <subfield code="g">45</subfield>
      <subfield code="o">94(82) F363m</subfield>
      <subfield code="e">Secretaría de Extensión</subfield>
      <subfield code="8">CG</subfield>
    </datafield>
    <datafield tag="952" ind1=" " ind2=" ">
      <subfield code="a">BIB_RECT</subfield>
      <subfield code="b">SAT_PMDN </subfield>
      <subfield code="d">2016-04-21</subfield>
      <subfield code="y">BK</subfield>
      <subfield code="p">15-47857</subfield>
      <subfield code="i">15-47857</subfield>
      <subfield code="g">90</subfield>
      <subfield code="o">94(82) F363m</subfield>
      <subfield code="e">Secretaría de Extensión</subfield>
      <subfield code="8">CG</subfield>
    </datafield>
    <datafield tag="952" ind1=" " ind2=" ">
      <subfield code="a">BIB_RECT</subfield>
      <subfield code="b">SAT_PDES</subfield>
      <subfield code="d">2014-05-29</subfield>
      <subfield code="y">BK</subfield>
      <subfield code="p">16-46185</subfield>
      <subfield code="i">16-46185</subfield>
      <subfield code="g">45</subfield>
      <subfield code="o">94(82) F363m</subfield>
      <subfield code="e">Secretaría de Extensión</subfield>
      <subfield code="8">CG</subfield>
    </datafield>
    <datafield tag="952" ind1=" " ind2=" ">
      <subfield code="a">BIB_RECT</subfield>
      <subfield code="b">SAT_PDES</subfield>
      <subfield code="d">2016-04-21</subfield>
      <subfield code="y">BK</subfield>
      <subfield code="p">16-47850</subfield>
      <subfield code="i">16-47850</subfield>
      <subfield code="g">90</subfield>
      <subfield code="o">94(82) F363m</subfield>
      <subfield code="e">Secretaría de Extensión</subfield>
      <subfield code="8">CG</subfield>
    </datafield>
    <datafield tag="952" ind1=" " ind2=" ">
      <subfield code="a">BIB_RECT</subfield>
      <subfield code="b">SAT_RGRA</subfield>
      <subfield code="d">2014-05-29</subfield>
      <subfield code="y">BK</subfield>
      <subfield code="p">17-46182</subfield>
      <subfield code="i">17-46182</subfield>
      <subfield code="g">45</subfield>
      <subfield code="o">94(82) F363m</subfield>
      <subfield code="e">Secretaría de Extensión</subfield>
      <subfield code="8">CG</subfield>
    </datafield>
    <datafield tag="952" ind1=" " ind2=" ">
      <subfield code="a">BIB_RECT</subfield>
      <subfield code="b">SAT_RGRA</subfield>
      <subfield code="d">2016-04-25</subfield>
      <subfield code="y">BK</subfield>
      <subfield code="p">17-47875</subfield>
      <subfield code="i">17-47875</subfield>
      <subfield code="g">90</subfield>
      <subfield code="o">94(82) F363m</subfield>
      <subfield code="e">Secretaría de Extensión</subfield>
      <subfield code="8">CG</subfield>
    </datafield>
    <datafield tag="952" ind1=" " ind2=" ">
      <subfield code="a">BIB_RECT</subfield>
      <subfield code="b">SAT_GREG</subfield>
      <subfield code="d">2014-05-29</subfield>
      <subfield code="y">BK</subfield>
      <subfield code="p">18-46183</subfield>
      <subfield code="i">18-46183</subfield>
      <subfield code="g">45</subfield>
      <subfield code="o">94(82) F363m</subfield>
      <subfield code="e">Secretaría de Extensión</subfield>
      <subfield code="8">CG</subfield>
    </datafield>
    <datafield tag="952" ind1=" " ind2=" ">
      <subfield code="a">BIB_RECT</subfield>
      <subfield code="b">SAT_GREG</subfield>
      <subfield code="d">2016-04-25</subfield>
      <subfield code="y">BK</subfield>
      <subfield code="p">18-47869</subfield>
      <subfield code="i">18-47869</subfield>
      <subfield code="g">90</subfield>
      <subfield code="o">94(82) F363m</subfield>
      <subfield code="e">Secretaría de Extensión</subfield>
      <subfield code="8">CG</subfield>
    </datafield>
    <datafield tag="952" ind1=" " ind2=" ">
      <subfield code="a">BIB_RECT</subfield>
      <subfield code="b">SAT_USHU</subfield>
      <subfield code="d">2014-05-29</subfield>
      <subfield code="y">BK</subfield>
      <subfield code="p">19-46188</subfield>
      <subfield code="i">19-46188</subfield>
      <subfield code="g">45</subfield>
      <subfield code="o">94(82) F363m</subfield>
      <subfield code="e">Secretaría de Extensión</subfield>
      <subfield code="8">CG</subfield>
    </datafield>
    <datafield tag="952" ind1=" " ind2=" ">
      <subfield code="a">BIB_RECT</subfield>
      <subfield code="b">SAT_USHU</subfield>
      <subfield code="d">2016-04-25</subfield>
      <subfield code="y">BK</subfield>
      <subfield code="p">19-47881</subfield>
      <subfield code="i">19-47881</subfield>
      <subfield code="g">90</subfield>
      <subfield code="o">94(82) F363m</subfield>
      <subfield code="e">Secretaría de Extensión</subfield>
      <subfield code="8">CG</subfield>
    </datafield>
  </record>