
  <record>
    <leader>01000aam  22002601a 4500</leader>
    <controlfield tag="001">YPZ98531</controlfield>
    <controlfield tag="003">YPZ</controlfield>
    <controlfield tag="005">201406041545240</controlfield>
    <controlfield tag="008">140604|###########||||||b||||||||||spa|d</controlfield>
    <datafield tag="020" ind1=" " ind2=" ">
      <subfield code="a">9504603289</subfield>
    </datafield>
    <datafield tag="040" ind1=" " ind2=" ">
      <subfield code="c">SIUNPA</subfield>
    </datafield>
    <datafield tag="041" ind1=" " ind2=" ">
      <subfield code="a">spa</subfield>
    </datafield>
    <datafield tag="044" ind1=" " ind2=" ">
      <subfield code="a">AR</subfield>
    </datafield>
    <datafield tag="080" ind1=" " ind2=" ">
      <subfield code="a">371.1 G338p</subfield>
    </datafield>
    <datafield tag="100" ind1=" " ind2=" ">
      <subfield code="a">Gento Palacios, Samuel.</subfield>
    </datafield>
    <datafield tag="245" ind1=" " ind2=" ">
      <subfield code="a">Participación en la gestión educativa</subfield>
    </datafield>
    <datafield tag="260" ind1=" " ind2=" ">
      <subfield code="a">Buenos Aires</subfield>
      <subfield code="b"> : Santillana</subfield>
      <subfield code="c"> , 1996</subfield>
    </datafield>
    <datafield tag="440" ind1=" " ind2=" ">
      <subfield code="a">Colección bitácora argentina</subfield>
      <subfield code="a">Colección centro redes / Eudeba</subfield>
      <subfield code="a">Biblioteca del pensamiento socialista. Serie los clásicos</subfield>
      <subfield code="a">Colección Psicologia. La psicología y el niño</subfield>
      <subfield code="a">Colección Psicologia. La psicología y el niño</subfield>
      <subfield code="a">Colección hombre y sociedad. Serie investigaciones en Psicología</subfield>
      <subfield code="a">Colección Psicología contemporánea</subfield>
      <subfield code="a">Biblioteca pedagógica. Sección I, problemática de la educación</subfield>
      <subfield code="a">Colección temas básicos</subfield>
      <subfield code="a">Aportes a la educación inicial</subfield>
      <subfield code="a">Aula XXI / Santillana</subfield>
      <subfield code="v">56</subfield>
    </datafield>
    <datafield tag="490" ind1=" " ind2=" ">
      <subfield code="a">Colección bitácora argentina</subfield>
      <subfield code="a">Colección centro redes / Eudeba</subfield>
      <subfield code="a">Biblioteca del pensamiento socialista. Serie los clásicos</subfield>
      <subfield code="a">Colección Psicologia. La psicología y el niño</subfield>
      <subfield code="a">Colección Psicologia. La psicología y el niño</subfield>
      <subfield code="a">Colección hombre y sociedad. Serie investigaciones en Psicología</subfield>
      <subfield code="a">Colección Psicología contemporánea</subfield>
      <subfield code="a">Biblioteca pedagógica. Sección I, problemática de la educación</subfield>
      <subfield code="a">Colección temas básicos</subfield>
      <subfield code="a">Aportes a la educación inicial</subfield>
      <subfield code="a">Aula XXI / Santillana</subfield>
      <subfield code="v">56</subfield>
    </datafield>
    <datafield tag="650" ind1=" " ind2=" ">
      <subfield code="a"> ORGANIZACION ESCOLAR</subfield>
    </datafield>
    <datafield tag="650" ind1=" " ind2=" ">
      <subfield code="a"> ADMINISTRACION ESCOLAR</subfield>
    </datafield>
    <datafield tag="650" ind1=" " ind2=" ">
      <subfield code="a"> GESTION DE LA EDUCACION</subfield>
    </datafield>
    <datafield tag="650" ind1=" " ind2=" ">
      <subfield code="a"> ESTRATEGIAS EDUCACIONALES</subfield>
    </datafield>
    <datafield tag="942" ind1=" " ind2=" ">
      <subfield code="c">BK</subfield>
    </datafield>
    <datafield tag="952" ind1=" " ind2=" ">
      <subfield code="a">BIB_RECT</subfield>
      <subfield code="b">BIB_UACO</subfield>
      <subfield code="d">2014-06-02</subfield>
      <subfield code="y">BK</subfield>
      <subfield code="p">02-05115</subfield>
      <subfield code="i">02-05115</subfield>
      <subfield code="g">90</subfield>
      <subfield code="o">371.1 G338p</subfield>
      <subfield code="e">FOMEC 585</subfield>
      <subfield code="8">CG</subfield>
    </datafield>
    <datafield tag="952" ind1=" " ind2=" ">
      <subfield code="a">BIB_RECT</subfield>
      <subfield code="b">BIB_UART</subfield>
      <subfield code="d">2014-06-02</subfield>
      <subfield code="y">BK</subfield>
      <subfield code="p">03-00395</subfield>
      <subfield code="i">03-00395</subfield>
      <subfield code="g">90</subfield>
      <subfield code="o">371.1 G338p</subfield>
      <subfield code="e">FOMEC ORDEN N° 26/98</subfield>
      <subfield code="8">CG</subfield>
    </datafield>
    <datafield tag="952" ind1=" " ind2=" ">
      <subfield code="a">BIB_RECT</subfield>
      <subfield code="b">BIB_UART</subfield>
      <subfield code="d">2014-06-02</subfield>
      <subfield code="y">BK</subfield>
      <subfield code="p">03-00396</subfield>
      <subfield code="i">03-00396</subfield>
      <subfield code="g">90</subfield>
      <subfield code="o">371.1 G338p</subfield>
      <subfield code="e">FOMEC ORDEN N° 26/98</subfield>
      <subfield code="8">CG</subfield>
    </datafield>
    <datafield tag="952" ind1=" " ind2=" ">
      <subfield code="a">BIB_RECT</subfield>
      <subfield code="b">BIB_UART</subfield>
      <subfield code="d">2014-06-02</subfield>
      <subfield code="y">BK</subfield>
      <subfield code="p">03-00397</subfield>
      <subfield code="i">03-00397</subfield>
      <subfield code="g">90</subfield>
      <subfield code="o">371.1 G338p</subfield>
      <subfield code="e">FOMEC ORDEN N° 26/98</subfield>
      <subfield code="8">CG</subfield>
    </datafield>
    <datafield tag="952" ind1=" " ind2=" ">
      <subfield code="a">BIB_RECT</subfield>
      <subfield code="b">BIB_UART</subfield>
      <subfield code="d">2014-06-02</subfield>
      <subfield code="y">BK</subfield>
      <subfield code="p">03-00398</subfield>
      <subfield code="i">03-00398</subfield>
      <subfield code="g">90</subfield>
      <subfield code="o">371.1 G338p</subfield>
      <subfield code="e">FOMEC ORDEN N° 26/98</subfield>
      <subfield code="8">CG</subfield>
    </datafield>
    <datafield tag="952" ind1=" " ind2=" ">
      <subfield code="a">BIB_RECT</subfield>
      <subfield code="b">BIB_UART</subfield>
      <subfield code="d">2014-06-02</subfield>
      <subfield code="y">BK</subfield>
      <subfield code="p">03-00399</subfield>
      <subfield code="i">03-00399</subfield>
      <subfield code="g">90</subfield>
      <subfield code="o">371.1 G338p</subfield>
      <subfield code="e">FOMEC ORDEN N° 26/98</subfield>
      <subfield code="8">CG</subfield>
    </datafield>
  </record>