
  <record>
    <leader>01000aam  22002601a 4500</leader>
    <controlfield tag="001">YPZ98538</controlfield>
    <controlfield tag="003">YPZ</controlfield>
    <controlfield tag="005">201406050919400</controlfield>
    <controlfield tag="008">140605|###########||||||b||||||||||spa|d</controlfield>
    <datafield tag="020" ind1=" " ind2=" ">
      <subfield code="a">8448118715</subfield>
    </datafield>
    <datafield tag="040" ind1=" " ind2=" ">
      <subfield code="c">SIUNPA</subfield>
    </datafield>
    <datafield tag="041" ind1=" " ind2=" ">
      <subfield code="a">spa</subfield>
    </datafield>
    <datafield tag="044" ind1=" " ind2=" ">
      <subfield code="a">ES</subfield>
    </datafield>
    <datafield tag="080" ind1=" " ind2=" ">
      <subfield code="a">004.451 M637s2</subfield>
    </datafield>
    <datafield tag="100" ind1=" " ind2=" ">
      <subfield code="a">Milan, Milenković.</subfield>
    </datafield>
    <datafield tag="245" ind1=" " ind2=" ">
      <subfield code="a">Sistemas operativos</subfield>
      <subfield code="b"> : conceptos y diseño. Segunda edición</subfield>
      <subfield code="c"> / Bautista Paloma, Alfredo, tr. ; Vaquero Sánchez, Antonio, rev. técnica</subfield>
    </datafield>
    <datafield tag="250" ind1=" " ind2=" ">
      <subfield code="a">2a ed. en español</subfield>
    </datafield>
    <datafield tag="260" ind1=" " ind2=" ">
      <subfield code="a">Madrid</subfield>
      <subfield code="b"> : McGraw-Hill</subfield>
      <subfield code="c"> , 1996</subfield>
    </datafield>
    <datafield tag="300" ind1=" " ind2=" ">
      <subfield code="a">189 p. : </subfield>
      <subfield code="a">v. : </subfield>
      <subfield code="b">il. ; </subfield>
      <subfield code="a">559 p. : </subfield>
      <subfield code="a">vii, 367 p. : </subfield>
      <subfield code="a">352 p. : </subfield>
      <subfield code="b">il. ; </subfield>
      <subfield code="a">216 p. : </subfield>
      <subfield code="a">236 p. : </subfield>
      <subfield code="b">il. ; </subfield>
      <subfield code="a">132 p. : </subfield>
      <subfield code="a">535 p. : </subfield>
      <subfield code="a">441 p. : </subfield>
      <subfield code="a">274 p. : </subfield>
      <subfield code="a">475 p. : </subfield>
      <subfield code="a">94 p. : </subfield>
      <subfield code="a">239 p. : </subfield>
      <subfield code="b">il. ; </subfield>
      <subfield code="a">139 p. : </subfield>
      <subfield code="b">il ; </subfield>
      <subfield code="a">150 p. : </subfield>
      <subfield code="a">241 p. : </subfield>
      <subfield code="b">il. ; </subfield>
      <subfield code="a">172 p. : </subfield>
      <subfield code="b">il. ; </subfield>
      <subfield code="a">317 p. : </subfield>
      <subfield code="b">il. ; </subfield>
      <subfield code="a">396 p. : </subfield>
      <subfield code="a">205 p. : </subfield>
      <subfield code="a">188 p. : </subfield>
      <subfield code="b">il. ; </subfield>
      <subfield code="a">323 p. : </subfield>
      <subfield code="a">343 p. : </subfield>
      <subfield code="a">271 p. : </subfield>
      <subfield code="a">272 p. : </subfield>
      <subfield code="a">286 p. : </subfield>
      <subfield code="a">700 p. : </subfield>
      <subfield code="a">672 p. : </subfield>
      <subfield code="a">x, 531 p. : </subfield>
      <subfield code="a">xxiv, 343 p. : </subfield>
      <subfield code="a">v. : </subfield>
      <subfield code="b">il. ; </subfield>
      <subfield code="a">xxix, 476 p. : </subfield>
      <subfield code="b">il. ; </subfield>
      <subfield code="a">225 p. : </subfield>
      <subfield code="b">il. ; </subfield>
      <subfield code="a">255 p. : </subfield>
      <subfield code="b">il. ; </subfield>
      <subfield code="a">256 p. : </subfield>
      <subfield code="b">il. ; </subfield>
      <subfield code="a">256 p. : </subfield>
      <subfield code="b">il. ; </subfield>
      <subfield code="a">385 p. : </subfield>
      <subfield code="b">il. ; </subfield>
      <subfield code="a">169 p. : </subfield>
      <subfield code="a">192 p. : </subfield>
      <subfield code="a">130 p. : </subfield>
      <subfield code="b">il. ; </subfield>
      <subfield code="a">800 p. : </subfield>
      <subfield code="b">il. ; </subfield>
      <subfield code="a">297 p. : </subfield>
      <subfield code="b">il., mapas ; </subfield>
      <subfield code="a">417 p. : </subfield>
      <subfield code="b">il. ; </subfield>
      <subfield code="a">v. : </subfield>
      <subfield code="b">il. ; </subfield>
      <subfield code="a">217 p. : </subfield>
      <subfield code="a">317 p. : </subfield>
      <subfield code="b">il. ; </subfield>
      <subfield code="a">296 p. : </subfield>
      <subfield code="a">xvii, 238 p. : </subfield>
      <subfield code="a">254 p. : </subfield>
      <subfield code="a">v. : </subfield>
      <subfield code="a">110 p. : </subfield>
      <subfield code="b">il. ; </subfield>
      <subfield code="a">191 p. : </subfield>
      <subfield code="b">il. ; </subfield>
      <subfield code="a">155 p. : </subfield>
      <subfield code="b">il. ; </subfield>
      <subfield code="a">98 p. : </subfield>
      <subfield code="b">il. ; </subfield>
      <subfield code="a">172 p. : </subfield>
      <subfield code="a">158 p. : </subfield>
      <subfield code="a">216 p. : </subfield>
      <subfield code="b">il. ; </subfield>
      <subfield code="a">141 p. : </subfield>
      <subfield code="a">125 p. : </subfield>
      <subfield code="a">214 p. : </subfield>
      <subfield code="a">2 t. : </subfield>
      <subfield code="a">230 p. : </subfield>
      <subfield code="b">il. ; </subfield>
      <subfield code="a">300 p. : </subfield>
      <subfield code="b">il. ; </subfield>
      <subfield code="a">79 p. : </subfield>
      <subfield code="a">110 p. : </subfield>
      <subfield code="b">il. ; </subfield>
      <subfield code="a">155 p. : </subfield>
      <subfield code="b">il. ; </subfield>
      <subfield code="a">173 p. : </subfield>
      <subfield code="b">il. ; </subfield>
      <subfield code="a">256 p. : </subfield>
      <subfield code="b">il. ; </subfield>
      <subfield code="a">xxix, 885 p. : </subfield>
      <subfield code="b">il. ; </subfield>
      <subfield code="a">xxxvii, 827 p. : </subfield>
      <subfield code="b">il. ; </subfield>
      <subfield code="e">1 disquete (3½) en bolsillo</subfield>
    </datafield>
    <datafield tag="650" ind1=" " ind2=" ">
      <subfield code="a"> SISTEMAS OPERATIVOS</subfield>
    </datafield>
    <datafield tag="650" ind1=" " ind2=" ">
      <subfield code="a"> ARQUITECTURA DE COMPUTADORAS</subfield>
    </datafield>
    <datafield tag="650" ind1=" " ind2=" ">
      <subfield code="a"> DISEÑO DE SISTEMAS</subfield>
    </datafield>
    <datafield tag="942" ind1=" " ind2=" ">
      <subfield code="c">BK</subfield>
    </datafield>
    <datafield tag="952" ind1=" " ind2=" ">
      <subfield code="a">BIB_RECT</subfield>
      <subfield code="b">BIB_UACO</subfield>
      <subfield code="d">2014-06-05</subfield>
      <subfield code="y">BK</subfield>
      <subfield code="p">02-03797</subfield>
      <subfield code="i">02-03797</subfield>
      <subfield code="g">290</subfield>
      <subfield code="o">004.451 M637s2</subfield>
      <subfield code="e">UACO</subfield>
      <subfield code="8">CG</subfield>
    </datafield>
    <datafield tag="952" ind1=" " ind2=" ">
      <subfield code="a">BIB_RECT</subfield>
      <subfield code="b">BIB_UACO</subfield>
      <subfield code="d">2014-06-05</subfield>
      <subfield code="y">BK</subfield>
      <subfield code="p">02-05902</subfield>
      <subfield code="i">02-05902</subfield>
      <subfield code="g">290</subfield>
      <subfield code="o">004.451 M637s2</subfield>
      <subfield code="e">FOMEC/97</subfield>
      <subfield code="8">CG</subfield>
    </datafield>
    <datafield tag="952" ind1=" " ind2=" ">
      <subfield code="a">BIB_RECT</subfield>
      <subfield code="b">BIB_UART</subfield>
      <subfield code="d">2014-06-05</subfield>
      <subfield code="y">BK</subfield>
      <subfield code="p">03-01019</subfield>
      <subfield code="i">03-01019</subfield>
      <subfield code="g">290</subfield>
      <subfield code="o">004.451 M637s2</subfield>
      <subfield code="e">FOMEC O/C. 040/99</subfield>
      <subfield code="8">CG</subfield>
    </datafield>
    <datafield tag="952" ind1=" " ind2=" ">
      <subfield code="a">BIB_RECT</subfield>
      <subfield code="b">BIB_UARG</subfield>
      <subfield code="d">2014-06-24</subfield>
      <subfield code="y">BK</subfield>
      <subfield code="p">05-10577</subfield>
      <subfield code="i">05-10577</subfield>
      <subfield code="g">120</subfield>
      <subfield code="o">004.451 M637s2</subfield>
      <subfield code="e">Donación</subfield>
      <subfield code="8">CG</subfield>
    </datafield>
    <datafield tag="952" ind1=" " ind2=" ">
      <subfield code="a">BIB_RECT</subfield>
      <subfield code="b">BIB_UARG</subfield>
      <subfield code="d">2014-06-24</subfield>
      <subfield code="y">BK</subfield>
      <subfield code="p">05-12531</subfield>
      <subfield code="i">05-12531</subfield>
      <subfield code="g">120</subfield>
      <subfield code="o">004.451 M637s2</subfield>
      <subfield code="e">Donación</subfield>
      <subfield code="8">CG</subfield>
    </datafield>
  </record>