
  <record>
    <leader>01000aam  22002601a 4500</leader>
    <controlfield tag="001">YPZ98546</controlfield>
    <controlfield tag="003">YPZ</controlfield>
    <controlfield tag="005">201406051504540</controlfield>
    <controlfield tag="008">140605|###########||||||b||||||||||spa|d</controlfield>
    <datafield tag="020" ind1=" " ind2=" ">
      <subfield code="a">8477744092</subfield>
    </datafield>
    <datafield tag="040" ind1=" " ind2=" ">
      <subfield code="c">SIUNPA</subfield>
    </datafield>
    <datafield tag="041" ind1=" " ind2=" ">
      <subfield code="a">spa</subfield>
    </datafield>
    <datafield tag="044" ind1=" " ind2=" ">
      <subfield code="a">ES</subfield>
    </datafield>
    <datafield tag="080" ind1=" " ind2=" ">
      <subfield code="a">372.3 K154n4</subfield>
    </datafield>
    <datafield tag="100" ind1=" " ind2=" ">
      <subfield code="a">Kamii, Constance.</subfield>
    </datafield>
    <datafield tag="245" ind1=" " ind2=" ">
      <subfield code="a">El número en la educación preescolar</subfield>
      <subfield code="c"> / Martín, Elena, tr. ; Moreno, Amparo, tr.</subfield>
    </datafield>
    <datafield tag="250" ind1=" " ind2=" ">
      <subfield code="a">4a ed.</subfield>
    </datafield>
    <datafield tag="260" ind1=" " ind2=" ">
      <subfield code="a">Madrid</subfield>
      <subfield code="b"> : Visor</subfield>
      <subfield code="c"> , 1995</subfield>
    </datafield>
    <datafield tag="440" ind1=" " ind2=" ">
      <subfield code="a">Ciclo formativo</subfield>
      <subfield code="a">Colección empresa</subfield>
      <subfield code="a">Colección aprendizaje visor</subfield>
      <subfield code="v">v. 9</subfield>
    </datafield>
    <datafield tag="490" ind1=" " ind2=" ">
      <subfield code="a">Ciclo formativo</subfield>
      <subfield code="a">Colección empresa</subfield>
      <subfield code="a">Colección aprendizaje visor</subfield>
      <subfield code="v">v. 9</subfield>
    </datafield>
    <datafield tag="650" ind1=" " ind2=" ">
      <subfield code="a"> EDUCACION PREESCOLAR</subfield>
    </datafield>
    <datafield tag="650" ind1=" " ind2=" ">
      <subfield code="a"> ENSEÑANZA DE LAS MATEMATICAS</subfield>
    </datafield>
    <datafield tag="650" ind1=" " ind2=" ">
      <subfield code="a"> METODOS DE ENSEÑANZA</subfield>
    </datafield>
    <datafield tag="942" ind1=" " ind2=" ">
      <subfield code="c">BK</subfield>
    </datafield>
    <datafield tag="952" ind1=" " ind2=" ">
      <subfield code="a">BIB_RECT</subfield>
      <subfield code="b">BIB_UACO</subfield>
      <subfield code="d">2014-06-02</subfield>
      <subfield code="y">BK</subfield>
      <subfield code="p">02-02408</subfield>
      <subfield code="i">02-02408</subfield>
      <subfield code="g">90</subfield>
      <subfield code="o">372.3 K154n4</subfield>
      <subfield code="e">Desconocido</subfield>
      <subfield code="8">CG</subfield>
    </datafield>
    <datafield tag="952" ind1=" " ind2=" ">
      <subfield code="a">BIB_RECT</subfield>
      <subfield code="b">BIB_UACO</subfield>
      <subfield code="d">2014-06-02</subfield>
      <subfield code="y">BK</subfield>
      <subfield code="p">02-04714</subfield>
      <subfield code="i">02-04714</subfield>
      <subfield code="g">90</subfield>
      <subfield code="o">372.3 K154n4</subfield>
      <subfield code="e">Desconocido</subfield>
      <subfield code="8">CG</subfield>
    </datafield>
    <datafield tag="952" ind1=" " ind2=" ">
      <subfield code="a">BIB_RECT</subfield>
      <subfield code="b">BIB_UART</subfield>
      <subfield code="d">2014-06-02</subfield>
      <subfield code="y">BK</subfield>
      <subfield code="p">03-00627</subfield>
      <subfield code="i">03-00627</subfield>
      <subfield code="g">90</subfield>
      <subfield code="o">372.3 K154n4</subfield>
      <subfield code="e">FOMEC ORDEN 28/98</subfield>
      <subfield code="8">CG</subfield>
    </datafield>
    <datafield tag="952" ind1=" " ind2=" ">
      <subfield code="a">BIB_RECT</subfield>
      <subfield code="b">BIB_UART</subfield>
      <subfield code="d">2014-06-02</subfield>
      <subfield code="y">BK</subfield>
      <subfield code="p">03-00628</subfield>
      <subfield code="i">03-00628</subfield>
      <subfield code="g">90</subfield>
      <subfield code="o">372.3 K154n4</subfield>
      <subfield code="e">FOMEC ORDEN 28/98</subfield>
      <subfield code="8">CG</subfield>
    </datafield>
    <datafield tag="952" ind1=" " ind2=" ">
      <subfield code="a">BIB_RECT</subfield>
      <subfield code="b">BIB_UART</subfield>
      <subfield code="d">2014-06-02</subfield>
      <subfield code="y">BK</subfield>
      <subfield code="p">03-00629</subfield>
      <subfield code="i">03-00629</subfield>
      <subfield code="g">90</subfield>
      <subfield code="o">372.3 K154n4</subfield>
      <subfield code="e">FOMEC ORDEN 28/98</subfield>
      <subfield code="8">CG</subfield>
    </datafield>
    <datafield tag="952" ind1=" " ind2=" ">
      <subfield code="a">BIB_RECT</subfield>
      <subfield code="b">BIB_UART</subfield>
      <subfield code="d">2014-06-02</subfield>
      <subfield code="y">BK</subfield>
      <subfield code="p">03-00630</subfield>
      <subfield code="i">03-00630</subfield>
      <subfield code="g">90</subfield>
      <subfield code="o">372.3 K154n4</subfield>
      <subfield code="e">FOMEC ORDEN 28/98</subfield>
      <subfield code="8">CG</subfield>
    </datafield>
  </record>