
  <record>
    <leader>01000aam  22002601a 4500</leader>
    <controlfield tag="001">YPZ98548</controlfield>
    <controlfield tag="003">YPZ</controlfield>
    <controlfield tag="005">201406051529150</controlfield>
    <controlfield tag="008">140605|###########||||||b||||||||||spa|d</controlfield>
    <datafield tag="020" ind1=" " ind2=" ">
      <subfield code="a">8449307449</subfield>
    </datafield>
    <datafield tag="040" ind1=" " ind2=" ">
      <subfield code="c">SIUNPA</subfield>
    </datafield>
    <datafield tag="041" ind1=" " ind2=" ">
      <subfield code="a">spa</subfield>
    </datafield>
    <datafield tag="044" ind1=" " ind2=" ">
      <subfield code="a">ES</subfield>
    </datafield>
    <datafield tag="080" ind1=" " ind2=" ">
      <subfield code="a">159.922.7 V262s</subfield>
    </datafield>
    <datafield tag="100" ind1=" " ind2=" ">
      <subfield code="a">Van Manen, Max.</subfield>
    </datafield>
    <datafield tag="700" ind1=" " ind2=" ">
      <subfield code="a">Levering, Bas.</subfield>
    </datafield>
    <datafield tag="245" ind1=" " ind2=" ">
      <subfield code="a">Los secretos de la infancia</subfield>
      <subfield code="b"> : intimidad, privacidad e identidad</subfield>
      <subfield code="c"> / Paterna Molina, Pilar, tr.</subfield>
    </datafield>
    <datafield tag="260" ind1=" " ind2=" ">
      <subfield code="a">Barcelona</subfield>
      <subfield code="b"> : Paidós</subfield>
      <subfield code="c"> , 1999</subfield>
    </datafield>
    <datafield tag="440" ind1=" " ind2=" ">
      <subfield code="a">Colección recursos didácticos. Sociales</subfield>
      <subfield code="a">Paidós educador</subfield>
      <subfield code="v">145</subfield>
    </datafield>
    <datafield tag="490" ind1=" " ind2=" ">
      <subfield code="a">Colección recursos didácticos. Sociales</subfield>
      <subfield code="a">Paidós educador</subfield>
      <subfield code="v">145</subfield>
    </datafield>
    <datafield tag="650" ind1=" " ind2=" ">
      <subfield code="a"> PSICOLOGIA INFANTIL</subfield>
    </datafield>
    <datafield tag="650" ind1=" " ind2=" ">
      <subfield code="a"> DESARROLLO DEL NIÑO</subfield>
    </datafield>
    <datafield tag="942" ind1=" " ind2=" ">
      <subfield code="c">BK</subfield>
    </datafield>
    <datafield tag="952" ind1=" " ind2=" ">
      <subfield code="a">BIB_RECT</subfield>
      <subfield code="b">BIB_UACO</subfield>
      <subfield code="d">2014-06-02</subfield>
      <subfield code="y">BK</subfield>
      <subfield code="p">02-08071</subfield>
      <subfield code="i">02-08071</subfield>
      <subfield code="g">100</subfield>
      <subfield code="o">159.922.7 V262s</subfield>
      <subfield code="e">Desconocido</subfield>
      <subfield code="8">CG</subfield>
    </datafield>
    <datafield tag="952" ind1=" " ind2=" ">
      <subfield code="a">BIB_RECT</subfield>
      <subfield code="b">BIB_UACO</subfield>
      <subfield code="d">2014-06-02</subfield>
      <subfield code="y">BK</subfield>
      <subfield code="p">02-08072</subfield>
      <subfield code="i">02-08072</subfield>
      <subfield code="g">100</subfield>
      <subfield code="o">159.922.7 V262s</subfield>
      <subfield code="e">Desconocido</subfield>
      <subfield code="8">CG</subfield>
    </datafield>
    <datafield tag="952" ind1=" " ind2=" ">
      <subfield code="a">BIB_RECT</subfield>
      <subfield code="b">BIB_UACO</subfield>
      <subfield code="d">2014-06-02</subfield>
      <subfield code="y">BK</subfield>
      <subfield code="p">02-08073</subfield>
      <subfield code="i">02-08073</subfield>
      <subfield code="g">100</subfield>
      <subfield code="o">159.922.7 V262s</subfield>
      <subfield code="e">Desconocido</subfield>
      <subfield code="8">CG</subfield>
    </datafield>
    <datafield tag="952" ind1=" " ind2=" ">
      <subfield code="a">BIB_RECT</subfield>
      <subfield code="b">BIB_UACO</subfield>
      <subfield code="d">2014-06-02</subfield>
      <subfield code="y">BK</subfield>
      <subfield code="p">02-08074</subfield>
      <subfield code="i">02-08074</subfield>
      <subfield code="g">100</subfield>
      <subfield code="o">159.922.7 V262s</subfield>
      <subfield code="e">Desconocido</subfield>
      <subfield code="8">CG</subfield>
    </datafield>
    <datafield tag="952" ind1=" " ind2=" ">
      <subfield code="a">BIB_RECT</subfield>
      <subfield code="b">BIB_UART</subfield>
      <subfield code="d">2014-06-02</subfield>
      <subfield code="y">BK</subfield>
      <subfield code="p">03-01307</subfield>
      <subfield code="i">03-01307</subfield>
      <subfield code="g">100</subfield>
      <subfield code="o">159.922.7 V262s</subfield>
      <subfield code="e">Decanato (SIN PAPELES)</subfield>
      <subfield code="8">CG</subfield>
    </datafield>
  </record>