
  <record>
    <leader>01000aam  22002601a 4500</leader>
    <controlfield tag="001">YPZ98557</controlfield>
    <controlfield tag="003">YPZ</controlfield>
    <controlfield tag="005">201406091503250</controlfield>
    <controlfield tag="008">140609|###########||||||b||||||||||spa|d</controlfield>
    <datafield tag="020" ind1=" " ind2=" ">
      <subfield code="a">0750647248</subfield>
    </datafield>
    <datafield tag="040" ind1=" " ind2=" ">
      <subfield code="c">SIUNPA</subfield>
    </datafield>
    <datafield tag="041" ind1=" " ind2=" ">
      <subfield code="a">eng</subfield>
    </datafield>
    <datafield tag="044" ind1=" " ind2=" ">
      <subfield code="a">UK</subfield>
    </datafield>
    <datafield tag="080" ind1=" " ind2=" ">
      <subfield code="a">004.43 L991p</subfield>
    </datafield>
    <datafield tag="100" ind1=" " ind2=" ">
      <subfield code="a">Lyon, David D..</subfield>
    </datafield>
    <datafield tag="245" ind1=" " ind2=" ">
      <subfield code="a">Practical CM</subfield>
      <subfield code="b"> : best configuration management practices</subfield>
    </datafield>
    <datafield tag="260" ind1=" " ind2=" ">
      <subfield code="a">Oxford</subfield>
      <subfield code="b"> : Butterworth Heinemann</subfield>
      <subfield code="c"> , 2000</subfield>
    </datafield>
    <datafield tag="300" ind1=" " ind2=" ">
      <subfield code="a">xvi, 870 p. : </subfield>
      <subfield code="b">il. ; </subfield>
      <subfield code="a">191 p. : </subfield>
      <subfield code="b">il. ; </subfield>
      <subfield code="a">xxv, 385 p. : </subfield>
      <subfield code="b">il. ; </subfield>
      <subfield code="a">xv, 333 p. : </subfield>
      <subfield code="b">il. ; </subfield>
      <subfield code="a">xiii, 400 p. : </subfield>
      <subfield code="b">il. ; </subfield>
      <subfield code="a">117 p. : </subfield>
      <subfield code="b">il. ; </subfield>
      <subfield code="a">88 p. : </subfield>
      <subfield code="b">il. ; </subfield>
      <subfield code="a">109 p. : </subfield>
      <subfield code="b">il. ; </subfield>
      <subfield code="a">212 p. : </subfield>
      <subfield code="a">303 p. : </subfield>
      <subfield code="a">415 p. : </subfield>
      <subfield code="a">319 p. : </subfield>
      <subfield code="a">344 p. : </subfield>
      <subfield code="b">il. ; </subfield>
      <subfield code="a">90 p. : </subfield>
      <subfield code="b">il. ; </subfield>
      <subfield code="a">911 p. : </subfield>
      <subfield code="b">il. ; </subfield>
      <subfield code="a">xx, 163 p. : </subfield>
      <subfield code="b">il. ; </subfield>
      <subfield code="e">1 CD-ROM en bolsillo</subfield>
    </datafield>
    <datafield tag="650" ind1=" " ind2=" ">
      <subfield code="a"> LENGUAJE DE PROGRAMACION</subfield>
    </datafield>
    <datafield tag="942" ind1=" " ind2=" ">
      <subfield code="c">BK</subfield>
    </datafield>
    <datafield tag="952" ind1=" " ind2=" ">
      <subfield code="a">BIB_RECT</subfield>
      <subfield code="b">BIB_UACO</subfield>
      <subfield code="d">2014-06-09</subfield>
      <subfield code="y">BK</subfield>
      <subfield code="p">02-46209</subfield>
      <subfield code="i">02-46209</subfield>
      <subfield code="g">180</subfield>
      <subfield code="o">004.43 L991p</subfield>
      <subfield code="e">Desconocido</subfield>
      <subfield code="8">CG</subfield>
    </datafield>
  </record>