
  <record>
    <leader>01000aam  22002601a 4500</leader>
    <controlfield tag="001">YPZ98568</controlfield>
    <controlfield tag="003">YPZ</controlfield>
    <controlfield tag="005">201406231103320</controlfield>
    <controlfield tag="008">140623|###########||||||b||||||||||spa|d</controlfield>
    <datafield tag="020" ind1=" " ind2=" ">
      <subfield code="a">9789974964303</subfield>
    </datafield>
    <datafield tag="040" ind1=" " ind2=" ">
      <subfield code="c">SIUNPA</subfield>
    </datafield>
    <datafield tag="041" ind1=" " ind2=" ">
      <subfield code="a">spa</subfield>
    </datafield>
    <datafield tag="044" ind1=" " ind2=" ">
      <subfield code="a">UY</subfield>
      <subfield code="a">CA</subfield>
    </datafield>
    <datafield tag="080" ind1=" " ind2=" ">
      <subfield code="a">334.73 C778c</subfield>
    </datafield>
    <datafield tag="245" ind1=" " ind2=" ">
      <subfield code="a">Cooperativas e integración regional</subfield>
      <subfield code="b"> : la trayectoria de las cooperativas agropecuarias y de ahorro y crédito en el MERCOSUR</subfield>
      <subfield code="c"> / Martí, Juan Pablo, coord.</subfield>
    </datafield>
    <datafield tag="260" ind1=" " ind2=" ">
      <subfield code="a">Montevideo</subfield>
      <subfield code="a">Cánada</subfield>
      <subfield code="b"> : International Development Research Centre, IDRC</subfield>
      <subfield code="b"> : CRDI, Centre de Recherches pour le Développement International</subfield>
      <subfield code="c"> , 2008</subfield>
    </datafield>
    <datafield tag="650" ind1=" " ind2=" ">
      <subfield code="a"> COOPERATIVAS</subfield>
    </datafield>
    <datafield tag="650" ind1=" " ind2=" ">
      <subfield code="a"> MERCOSUR</subfield>
    </datafield>
    <datafield tag="650" ind1=" " ind2=" ">
      <subfield code="a"> GLOBALIZACION</subfield>
    </datafield>
    <datafield tag="942" ind1=" " ind2=" ">
      <subfield code="c">BK</subfield>
    </datafield>
    <datafield tag="952" ind1=" " ind2=" ">
      <subfield code="a">BIB_RECT</subfield>
      <subfield code="b">BIB_UARG</subfield>
      <subfield code="d">2014-06-23</subfield>
      <subfield code="y">BK</subfield>
      <subfield code="p">05-46223</subfield>
      <subfield code="i">05-46223</subfield>
      <subfield code="g">90</subfield>
      <subfield code="o">334.73 C778c</subfield>
      <subfield code="e">Franciscovic-Acuerdo 270/14</subfield>
      <subfield code="8">CG</subfield>
    </datafield>
  </record>