
  <record>
    <leader>01000aam  22002601a 4500</leader>
    <controlfield tag="001">YPZ98582</controlfield>
    <controlfield tag="003">YPZ</controlfield>
    <controlfield tag="005">201406241451060</controlfield>
    <controlfield tag="008">140624|###########||||||b||||||||||spa|d</controlfield>
    <datafield tag="020" ind1=" " ind2=" ">
      <subfield code="a">9789501239805</subfield>
    </datafield>
    <datafield tag="040" ind1=" " ind2=" ">
      <subfield code="c">SIUNPA</subfield>
    </datafield>
    <datafield tag="041" ind1=" " ind2=" ">
      <subfield code="a">spa</subfield>
    </datafield>
    <datafield tag="044" ind1=" " ind2=" ">
      <subfield code="a">AR</subfield>
    </datafield>
    <datafield tag="080" ind1=" " ind2=" ">
      <subfield code="a">159.964.2 L129d</subfield>
    </datafield>
    <datafield tag="100" ind1=" " ind2=" ">
      <subfield code="a">Lacan, Jacques.</subfield>
    </datafield>
    <datafield tag="245" ind1=" " ind2=" ">
      <subfield code="a">De un otro al otro 1968-1969</subfield>
      <subfield code="c"> / Miller, Jacques-Alain, texto establecido ; González, Nora A., tr. ; Brodsky, Graciela, rev.</subfield>
    </datafield>
    <datafield tag="250" ind1=" " ind2=" ">
      <subfield code="a">1a ed., 2a reimpr.</subfield>
    </datafield>
    <datafield tag="260" ind1=" " ind2=" ">
      <subfield code="a">Buenos Aires</subfield>
      <subfield code="b"> : Paidós</subfield>
      <subfield code="c"> , 2008</subfield>
    </datafield>
    <datafield tag="440" ind1=" " ind2=" ">
      <subfield code="a">Bibliotecas universitarias. Economía</subfield>
      <subfield code="a">Serie juridica</subfield>
      <subfield code="a">Hace tiempo y aqui mismo</subfield>
      <subfield code="a">Los sentidos / Artes visuales</subfield>
      <subfield code="a">Filosofía e Historia</subfield>
      <subfield code="a">Filosofía e Historia</subfield>
      <subfield code="a">Filosofía e Historia</subfield>
      <subfield code="a">Narrativas</subfield>
      <subfield code="a">Filosofía e Historia</subfield>
      <subfield code="a">Use R!</subfield>
      <subfield code="a">Filosofía e Historia</subfield>
      <subfield code="a">El seminario de Jacques Lacan</subfield>
      <subfield code="v">Libro 16</subfield>
    </datafield>
    <datafield tag="490" ind1=" " ind2=" ">
      <subfield code="a">Bibliotecas universitarias. Economía</subfield>
      <subfield code="a">Serie juridica</subfield>
      <subfield code="a">Hace tiempo y aqui mismo</subfield>
      <subfield code="a">Los sentidos / Artes visuales</subfield>
      <subfield code="a">Filosofía e Historia</subfield>
      <subfield code="a">Filosofía e Historia</subfield>
      <subfield code="a">Filosofía e Historia</subfield>
      <subfield code="a">Narrativas</subfield>
      <subfield code="a">Filosofía e Historia</subfield>
      <subfield code="a">Use R!</subfield>
      <subfield code="a">Filosofía e Historia</subfield>
      <subfield code="a">El seminario de Jacques Lacan</subfield>
      <subfield code="v">Libro 16</subfield>
    </datafield>
    <datafield tag="650" ind1=" " ind2=" ">
      <subfield code="a"> PSICOANALISIS</subfield>
    </datafield>
    <datafield tag="650" ind1=" " ind2=" ">
      <subfield code="a"> LACAN, JACQUES (1901</subfield>
    </datafield>
    <datafield tag="650" ind1=" " ind2=" ">
      <subfield code="a">1981)</subfield>
    </datafield>
    <datafield tag="942" ind1=" " ind2=" ">
      <subfield code="c">BK</subfield>
    </datafield>
    <datafield tag="952" ind1=" " ind2=" ">
      <subfield code="a">BIB_RECT</subfield>
      <subfield code="b">BIB_UARG</subfield>
      <subfield code="d">2014-06-19</subfield>
      <subfield code="y">BK</subfield>
      <subfield code="p">05-46236</subfield>
      <subfield code="i">05-46236</subfield>
      <subfield code="g">110</subfield>
      <subfield code="o">159.964.2 L129d</subfield>
      <subfield code="e">Enrici - PI 29/A 296</subfield>
      <subfield code="8">CG</subfield>
    </datafield>
  </record>