
  <record>
    <leader>01000aam  22002601a 4500</leader>
    <controlfield tag="001">YPZ98587</controlfield>
    <controlfield tag="003">YPZ</controlfield>
    <controlfield tag="005">201406241602230</controlfield>
    <controlfield tag="008">140624|###########||||||b||||||||||spa|d</controlfield>
    <datafield tag="020" ind1=" " ind2=" ">
      <subfield code="a">8437604117</subfield>
    </datafield>
    <datafield tag="040" ind1=" " ind2=" ">
      <subfield code="c">SIUNPA</subfield>
    </datafield>
    <datafield tag="041" ind1=" " ind2=" ">
      <subfield code="a">spa</subfield>
    </datafield>
    <datafield tag="044" ind1=" " ind2=" ">
      <subfield code="a">ES</subfield>
    </datafield>
    <datafield tag="080" ind1=" " ind2=" ">
      <subfield code="a">821.134.2 M149s</subfield>
    </datafield>
    <datafield tag="100" ind1=" " ind2=" ">
      <subfield code="a">Machado, Antonio.</subfield>
    </datafield>
    <datafield tag="245" ind1=" " ind2=" ">
      <subfield code="a">Soledades. Galerías</subfield>
      <subfield code="b"> : otros poemas</subfield>
      <subfield code="c"> / Ribbans, Geoffrey, ed.</subfield>
    </datafield>
    <datafield tag="250" ind1=" " ind2=" ">
      <subfield code="a">16a ed. rev.</subfield>
    </datafield>
    <datafield tag="260" ind1=" " ind2=" ">
      <subfield code="a">Madrid</subfield>
      <subfield code="b"> : Cátedra</subfield>
      <subfield code="c"> , 2000</subfield>
    </datafield>
    <datafield tag="440" ind1=" " ind2=" ">
      <subfield code="a">Letras hispánicas</subfield>
      <subfield code="v">180</subfield>
    </datafield>
    <datafield tag="490" ind1=" " ind2=" ">
      <subfield code="a">Letras hispánicas</subfield>
      <subfield code="v">180</subfield>
    </datafield>
    <datafield tag="650" ind1=" " ind2=" ">
      <subfield code="a"> LITERATURA ESPAÑOLA</subfield>
    </datafield>
    <datafield tag="650" ind1=" " ind2=" ">
      <subfield code="a"> POESIA</subfield>
    </datafield>
    <datafield tag="505" ind1="0" ind2="0">
      <subfield code="g">p. 81-112</subfield>
      <subfield code="g">- LITERATURA ESPAÑOLA|- POESIA</subfield>
      <subfield code="r">Machado, Antonio</subfield>
      <subfield code="t">Soledades (1899-1907)</subfield>
    </datafield>
    <datafield tag="505" ind1="0" ind2="0">
      <subfield code="g">p. 115-132</subfield>
      <subfield code="g">- LITERATURA ESPAÑOLA|- POESIA</subfield>
      <subfield code="r">Machado, Antonio</subfield>
      <subfield code="t">Del camino</subfield>
    </datafield>
    <datafield tag="505" ind1="0" ind2="0">
      <subfield code="g">p. 137-151</subfield>
      <subfield code="g">- LITERATURA ESPAÑOLA|- POESIA</subfield>
      <subfield code="r">Machado, Antonio</subfield>
      <subfield code="t">Canciones</subfield>
    </datafield>
    <datafield tag="505" ind1="0" ind2="0">
      <subfield code="g">p. 155-175</subfield>
      <subfield code="g">- LITERATURA ESPAÑOLA|- POESIA</subfield>
      <subfield code="r">Machado, Antonio</subfield>
      <subfield code="t">Humorismo, fantasías, apuntes</subfield>
    </datafield>
    <datafield tag="505" ind1="0" ind2="0">
      <subfield code="g">p.179-214</subfield>
      <subfield code="g">- LITERATURA ESPAÑOLA|- POESIA</subfield>
      <subfield code="r">Machado, Antonio</subfield>
      <subfield code="t">Galerías</subfield>
    </datafield>
    <datafield tag="505" ind1="0" ind2="0">
      <subfield code="g">p. 217-222</subfield>
      <subfield code="g">- LITERATURA ESPAÑOLA|- POESIA</subfield>
      <subfield code="r">Machado, Antonio</subfield>
      <subfield code="t">Varia</subfield>
    </datafield>
    <datafield tag="505" ind1="0" ind2="0">
      <subfield code="g">p.225-279</subfield>
      <subfield code="g">- LITERATURA ESPAÑOLA|- POESIA</subfield>
      <subfield code="r">Machado, Antonio</subfield>
      <subfield code="t">Apéndices</subfield>
    </datafield>
    <datafield tag="773" ind1="0" ind2="#">
      <subfield code="a">Machado, Antonio</subfield>
      <subfield code="g">- LITERATURA ESPAÑOLA|- POESIA</subfield>
      <subfield code="h">p. 81-112</subfield>
      <subfield code="t">Soledades (1899-1907)</subfield>
    </datafield>
    <datafield tag="773" ind1="0" ind2="#">
      <subfield code="a">Machado, Antonio</subfield>
      <subfield code="g">- LITERATURA ESPAÑOLA|- POESIA</subfield>
      <subfield code="h">p. 115-132</subfield>
      <subfield code="t">Del camino</subfield>
    </datafield>
    <datafield tag="773" ind1="0" ind2="#">
      <subfield code="a">Machado, Antonio</subfield>
      <subfield code="g">- LITERATURA ESPAÑOLA|- POESIA</subfield>
      <subfield code="h">p. 137-151</subfield>
      <subfield code="t">Canciones</subfield>
    </datafield>
    <datafield tag="773" ind1="0" ind2="#">
      <subfield code="a">Machado, Antonio</subfield>
      <subfield code="g">- LITERATURA ESPAÑOLA|- POESIA</subfield>
      <subfield code="h">p. 155-175</subfield>
      <subfield code="t">Humorismo, fantasías, apuntes</subfield>
    </datafield>
    <datafield tag="773" ind1="0" ind2="#">
      <subfield code="a">Machado, Antonio</subfield>
      <subfield code="g">- LITERATURA ESPAÑOLA|- POESIA</subfield>
      <subfield code="h">p.179-214</subfield>
      <subfield code="t">Galerías</subfield>
    </datafield>
    <datafield tag="773" ind1="0" ind2="#">
      <subfield code="a">Machado, Antonio</subfield>
      <subfield code="g">- LITERATURA ESPAÑOLA|- POESIA</subfield>
      <subfield code="h">p. 217-222</subfield>
      <subfield code="t">Varia</subfield>
    </datafield>
    <datafield tag="773" ind1="0" ind2="#">
      <subfield code="a">Machado, Antonio</subfield>
      <subfield code="g">- LITERATURA ESPAÑOLA|- POESIA</subfield>
      <subfield code="h">p.225-279</subfield>
      <subfield code="t">Apéndices</subfield>
    </datafield>
    <datafield tag="942" ind1=" " ind2=" ">
      <subfield code="c">BK</subfield>
    </datafield>
    <datafield tag="952" ind1=" " ind2=" ">
      <subfield code="a">BIB_RECT</subfield>
      <subfield code="b">BIB_UARG</subfield>
      <subfield code="d">2014-06-24</subfield>
      <subfield code="y">BK</subfield>
      <subfield code="p">05-14552</subfield>
      <subfield code="i">05-14552</subfield>
      <subfield code="g">80</subfield>
      <subfield code="o">821.134.2 M149s</subfield>
      <subfield code="e">FOMEC 578</subfield>
      <subfield code="8">CG</subfield>
    </datafield>
  </record>