
  <record>
    <leader>01000aam  22002601a 4500</leader>
    <controlfield tag="001">YPZ98603</controlfield>
    <controlfield tag="003">YPZ</controlfield>
    <controlfield tag="005">201406261400560</controlfield>
    <controlfield tag="008">140626|###########||||||b||||||||||spa|d</controlfield>
    <datafield tag="020" ind1=" " ind2=" ">
      <subfield code="a">8424901010</subfield>
    </datafield>
    <datafield tag="040" ind1=" " ind2=" ">
      <subfield code="c">SIUNPA</subfield>
    </datafield>
    <datafield tag="041" ind1=" " ind2=" ">
      <subfield code="a">spa</subfield>
    </datafield>
    <datafield tag="044" ind1=" " ind2=" ">
      <subfield code="a">ES</subfield>
    </datafield>
    <datafield tag="080" ind1=" " ind2=" ">
      <subfield code="a">821.134.2.09 A454p5</subfield>
    </datafield>
    <datafield tag="100" ind1=" " ind2=" ">
      <subfield code="a">Alonso, Dámaso.</subfield>
    </datafield>
    <datafield tag="245" ind1=" " ind2=" ">
      <subfield code="a">Poesía española</subfield>
      <subfield code="b"> : ensayo de métodos y límites estilísticos. Garcilaso, Fray Luis de León, San Juan de la Cruz, Góngora, Lope de Vega, Quevedo</subfield>
    </datafield>
    <datafield tag="250" ind1=" " ind2=" ">
      <subfield code="a">5a ed., 2a reimpr.</subfield>
    </datafield>
    <datafield tag="260" ind1=" " ind2=" ">
      <subfield code="a">Madrid</subfield>
      <subfield code="b"> : Gredos</subfield>
      <subfield code="c"> , 1976</subfield>
    </datafield>
    <datafield tag="440" ind1=" " ind2=" ">
      <subfield code="a">Colección Hachette universidad. Lengua - Lingüística - Comunicación</subfield>
      <subfield code="a">Colección Edicial universidad. Lengua - Lingüística - Comunicación</subfield>
      <subfield code="a">Colección poetas hispanoamericanos de ayer y de hoy</subfield>
      <subfield code="a">Biblioteca románica hispánica. II, estudios y ensayos</subfield>
      <subfield code="v">2</subfield>
    </datafield>
    <datafield tag="490" ind1=" " ind2=" ">
      <subfield code="a">Colección Hachette universidad. Lengua - Lingüística - Comunicación</subfield>
      <subfield code="a">Colección Edicial universidad. Lengua - Lingüística - Comunicación</subfield>
      <subfield code="a">Colección poetas hispanoamericanos de ayer y de hoy</subfield>
      <subfield code="a">Biblioteca románica hispánica. II, estudios y ensayos</subfield>
      <subfield code="v">2</subfield>
    </datafield>
    <datafield tag="500" ind1=" " ind2=" ">
      <subfield code="a">En portada: copioso índice alfabético de materias</subfield>
    </datafield>
    <datafield tag="650" ind1=" " ind2=" ">
      <subfield code="a"> POESIA</subfield>
    </datafield>
    <datafield tag="650" ind1=" " ind2=" ">
      <subfield code="a"> CRITICA LITERARIA</subfield>
    </datafield>
    <datafield tag="650" ind1=" " ind2=" ">
      <subfield code="a"> GARCILASO DE LA VEGA, INCA (1539</subfield>
    </datafield>
    <datafield tag="650" ind1=" " ind2=" ">
      <subfield code="a">1616) </subfield>
    </datafield>
    <datafield tag="650" ind1=" " ind2=" ">
      <subfield code="a"> LEON, FRAY LUIS DE (1527?</subfield>
    </datafield>
    <datafield tag="650" ind1=" " ind2=" ">
      <subfield code="a">1591)</subfield>
    </datafield>
    <datafield tag="650" ind1=" " ind2=" ">
      <subfield code="a"> SIGUENZA Y GONGORA, CARLOS DE (1645</subfield>
    </datafield>
    <datafield tag="650" ind1=" " ind2=" ">
      <subfield code="a">1700) </subfield>
    </datafield>
    <datafield tag="650" ind1=" " ind2=" ">
      <subfield code="a"> QUEVEDO Y VILLEGAS, FRANCISCO DE (1580</subfield>
    </datafield>
    <datafield tag="650" ind1=" " ind2=" ">
      <subfield code="a">1645)</subfield>
    </datafield>
    <datafield tag="650" ind1=" " ind2=" ">
      <subfield code="a"> LOPE DE VEGA Y CARPIO, FELIX (1562</subfield>
    </datafield>
    <datafield tag="650" ind1=" " ind2=" ">
      <subfield code="a">1635) </subfield>
    </datafield>
    <datafield tag="650" ind1=" " ind2=" ">
      <subfield code="a"> JUAN DE LA CRUZ, SAN (1542</subfield>
    </datafield>
    <datafield tag="650" ind1=" " ind2=" ">
      <subfield code="a">1591)</subfield>
    </datafield>
    <datafield tag="942" ind1=" " ind2=" ">
      <subfield code="c">BK</subfield>
    </datafield>
    <datafield tag="952" ind1=" " ind2=" ">
      <subfield code="a">BIB_RECT</subfield>
      <subfield code="b">BIB_UARG</subfield>
      <subfield code="d">2014-06-24</subfield>
      <subfield code="y">BK</subfield>
      <subfield code="p">05-02820</subfield>
      <subfield code="i">05-02820</subfield>
      <subfield code="g">90</subfield>
      <subfield code="o">821.134.2.09 A454p5</subfield>
      <subfield code="e">Donación</subfield>
      <subfield code="8">CG</subfield>
    </datafield>
    <datafield tag="952" ind1=" " ind2=" ">
      <subfield code="a">BIB_RECT</subfield>
      <subfield code="b">BIB_UARG</subfield>
      <subfield code="d">2014-06-24</subfield>
      <subfield code="y">BK</subfield>
      <subfield code="p">05-02877</subfield>
      <subfield code="i">05-02877</subfield>
      <subfield code="g">90</subfield>
      <subfield code="o">821.134.2.09 A454p5</subfield>
      <subfield code="e">Donación</subfield>
      <subfield code="8">CG</subfield>
    </datafield>
  </record>