
  <record>
    <leader>01000aam  22002601a 4500</leader>
    <controlfield tag="001">YPZ98616</controlfield>
    <controlfield tag="003">YPZ</controlfield>
    <controlfield tag="005">201407010904340</controlfield>
    <controlfield tag="008">140701|###########||||||b||||||||||spa|d</controlfield>
    <datafield tag="020" ind1=" " ind2=" ">
      <subfield code="a">8480882492</subfield>
    </datafield>
    <datafield tag="040" ind1=" " ind2=" ">
      <subfield code="c">SIUNPA</subfield>
    </datafield>
    <datafield tag="041" ind1=" " ind2=" ">
      <subfield code="a">spa</subfield>
    </datafield>
    <datafield tag="044" ind1=" " ind2=" ">
      <subfield code="a">ES</subfield>
    </datafield>
    <datafield tag="080" ind1=" " ind2=" ">
      <subfield code="a">657.4 F677c</subfield>
    </datafield>
    <datafield tag="100" ind1=" " ind2=" ">
      <subfield code="a">Font, Jordi.</subfield>
    </datafield>
    <datafield tag="700" ind1=" " ind2=" ">
      <subfield code="a">Elvira, Oscar.</subfield>
    </datafield>
    <datafield tag="245" ind1=" " ind2=" ">
      <subfield code="a">Confección de análisis de balances</subfield>
    </datafield>
    <datafield tag="260" ind1=" " ind2=" ">
      <subfield code="a">1a ed.</subfield>
      <subfield code="b"> : Gestión 2000</subfield>
      <subfield code="c"> , 1998</subfield>
    </datafield>
    <datafield tag="300" ind1=" " ind2=" ">
      <subfield code="a">xx, 291 p. : </subfield>
      <subfield code="b">il. ; </subfield>
      <subfield code="a">xvi, 401 p. : </subfield>
      <subfield code="b">il. ; </subfield>
      <subfield code="a">179 p. : </subfield>
      <subfield code="a">393 p. : </subfield>
      <subfield code="b">il. ; </subfield>
      <subfield code="a">318 p. : </subfield>
      <subfield code="b">il. ; </subfield>
      <subfield code="a">309 p. : </subfield>
      <subfield code="b">il. ; </subfield>
      <subfield code="a">303 p. : </subfield>
      <subfield code="a">127 p. : </subfield>
      <subfield code="b">il. ; </subfield>
      <subfield code="a">280 p. : </subfield>
      <subfield code="a">249 p. : </subfield>
      <subfield code="b">il. ; </subfield>
      <subfield code="a">x, 732 p. : </subfield>
      <subfield code="b">il. ; </subfield>
      <subfield code="a">xxiii, 555 p. : </subfield>
      <subfield code="b">il. ; </subfield>
      <subfield code="a">xxii, 722 p. : </subfield>
      <subfield code="b">il. ; </subfield>
      <subfield code="a">xv, 372 p. : </subfield>
      <subfield code="b">il. ; </subfield>
      <subfield code="a">287 p. : </subfield>
      <subfield code="a">110 p. : </subfield>
      <subfield code="a">286 p. : </subfield>
      <subfield code="a">396 p. : </subfield>
      <subfield code="a">vii, 367 p. : </subfield>
      <subfield code="b">[2] h. map. ; </subfield>
      <subfield code="a">214 p. : </subfield>
      <subfield code="b">il. ; </subfield>
      <subfield code="a">214 p. : </subfield>
      <subfield code="a">ix, 257 p. : </subfield>
      <subfield code="b">il. ; </subfield>
      <subfield code="a">xi, 449 p. : </subfield>
      <subfield code="b">il. ; </subfield>
      <subfield code="a">346 p. : </subfield>
      <subfield code="a">672 p. : </subfield>
      <subfield code="a">75 p. : </subfield>
      <subfield code="a">lxxviii, 289 p. : </subfield>
      <subfield code="a">232 p. : </subfield>
      <subfield code="a">559 p. : </subfield>
      <subfield code="a">vii, 367 p. : </subfield>
      <subfield code="a">182 p. : </subfield>
      <subfield code="a">284 p. : </subfield>
      <subfield code="a">317 p. : </subfield>
      <subfield code="a">139 p. : </subfield>
      <subfield code="a">240 p. : </subfield>
      <subfield code="b">il. ; </subfield>
      <subfield code="a">406 p. : </subfield>
      <subfield code="a">272 p. : </subfield>
      <subfield code="a">[111] p. en varias paginaciones : </subfield>
      <subfield code="b">il. ; </subfield>
      <subfield code="e">1 disquete (3½) en bolsillo</subfield>
    </datafield>
    <datafield tag="500" ind1=" " ind2=" ">
      <subfield code="a">Los ejemplares de la UACO no poseen disquete:02-04468, 02-04469 y 02-04470</subfield>
    </datafield>
    <datafield tag="500" ind1=" " ind2=" ">
      <subfield code="a">Contenido del disquete: Incluye aplicación informática en entorno Windows</subfield>
    </datafield>
    <datafield tag="650" ind1=" " ind2=" ">
      <subfield code="a"> CONTABILIDAD FINANCIERA</subfield>
    </datafield>
    <datafield tag="650" ind1=" " ind2=" ">
      <subfield code="a"> BALANCE</subfield>
    </datafield>
    <datafield tag="650" ind1=" " ind2=" ">
      <subfield code="a"> ADMINISTRACION DE EMPRESAS</subfield>
    </datafield>
    <datafield tag="650" ind1=" " ind2=" ">
      <subfield code="a"> ANALISIS ECONOMICO</subfield>
    </datafield>
    <datafield tag="942" ind1=" " ind2=" ">
      <subfield code="c">BK</subfield>
    </datafield>
    <datafield tag="952" ind1=" " ind2=" ">
      <subfield code="a">BIB_RECT</subfield>
      <subfield code="b">BIB_UACO</subfield>
      <subfield code="d">2014-07-01</subfield>
      <subfield code="y">BK</subfield>
      <subfield code="p">02-04468</subfield>
      <subfield code="i">02-04468</subfield>
      <subfield code="g">150</subfield>
      <subfield code="o">657.4 F677c</subfield>
      <subfield code="e">FOMEC/97</subfield>
      <subfield code="8">CG</subfield>
    </datafield>
    <datafield tag="952" ind1=" " ind2=" ">
      <subfield code="a">BIB_RECT</subfield>
      <subfield code="b">BIB_UACO</subfield>
      <subfield code="d">2014-07-01</subfield>
      <subfield code="y">BK</subfield>
      <subfield code="p">02-04469</subfield>
      <subfield code="i">02-04469</subfield>
      <subfield code="g">150</subfield>
      <subfield code="o">657.4 F677c</subfield>
      <subfield code="e">FOMEC/97</subfield>
      <subfield code="8">CG</subfield>
    </datafield>
    <datafield tag="952" ind1=" " ind2=" ">
      <subfield code="a">BIB_RECT</subfield>
      <subfield code="b">BIB_UACO</subfield>
      <subfield code="d">2014-07-01</subfield>
      <subfield code="y">BK</subfield>
      <subfield code="p">02-04470</subfield>
      <subfield code="i">02-04470</subfield>
      <subfield code="g">150</subfield>
      <subfield code="o">657.4 F677c</subfield>
      <subfield code="e">FOMEC/97</subfield>
      <subfield code="8">CG</subfield>
    </datafield>
  </record>