
  <record>
    <leader>01000aam  22002601a 4500</leader>
    <controlfield tag="001">YPZ98634</controlfield>
    <controlfield tag="003">YPZ</controlfield>
    <controlfield tag="005">201407031105500</controlfield>
    <controlfield tag="008">140703|###########||||||b||||||||||spa|d</controlfield>
    <datafield tag="040" ind1=" " ind2=" ">
      <subfield code="c">SIUNPA</subfield>
    </datafield>
    <datafield tag="041" ind1=" " ind2=" ">
      <subfield code="a">spa</subfield>
    </datafield>
    <datafield tag="044" ind1=" " ind2=" ">
      <subfield code="a">MX</subfield>
    </datafield>
    <datafield tag="080" ind1=" " ind2=" ">
      <subfield code="a">544.14 E343e</subfield>
    </datafield>
    <datafield tag="100" ind1=" " ind2=" ">
      <subfield code="a">Eichinger, Jack W..</subfield>
    </datafield>
    <datafield tag="245" ind1=" " ind2=" ">
      <subfield code="a">Enlaces químicos</subfield>
      <subfield code="b"> : introducción y fundamentos</subfield>
      <subfield code="c"> / Domínguez, Xorge A., tr.</subfield>
    </datafield>
    <datafield tag="250" ind1=" " ind2=" ">
      <subfield code="a">1a ed en español</subfield>
    </datafield>
    <datafield tag="260" ind1=" " ind2=" ">
      <subfield code="a">México, D.F.</subfield>
      <subfield code="b"> : Publicaciones Cultural</subfield>
      <subfield code="c"> , 1968</subfield>
    </datafield>
    <datafield tag="650" ind1=" " ind2=" ">
      <subfield code="a"> ENLACE QUIMICO</subfield>
    </datafield>
    <datafield tag="942" ind1=" " ind2=" ">
      <subfield code="c">BK</subfield>
    </datafield>
    <datafield tag="952" ind1=" " ind2=" ">
      <subfield code="a">BIB_RECT</subfield>
      <subfield code="b">BIB_UACO</subfield>
      <subfield code="d">2014-07-03</subfield>
      <subfield code="y">BK</subfield>
      <subfield code="p">02-46257</subfield>
      <subfield code="i">02-46257</subfield>
      <subfield code="g">35</subfield>
      <subfield code="o">544.14 E343e</subfield>
      <subfield code="e">Don. Prof. Rallín, Gladys</subfield>
      <subfield code="8">CG</subfield>
    </datafield>
  </record>