
  <record>
    <leader>01000aam  22002601a 4500</leader>
    <controlfield tag="001">YPZ98635</controlfield>
    <controlfield tag="003">YPZ</controlfield>
    <controlfield tag="005">201407031221250</controlfield>
    <controlfield tag="008">140703|###########||||||b||||||||||spa|d</controlfield>
    <datafield tag="020" ind1=" " ind2=" ">
      <subfield code="a">8427014120</subfield>
    </datafield>
    <datafield tag="040" ind1=" " ind2=" ">
      <subfield code="c">SIUNPA</subfield>
    </datafield>
    <datafield tag="080" ind1=" " ind2=" ">
      <subfield code="a">615.015.32 U41h</subfield>
    </datafield>
    <datafield tag="100" ind1=" " ind2=" ">
      <subfield code="a">Ullman, Dana.</subfield>
    </datafield>
    <datafield tag="245" ind1=" " ind2=" ">
      <subfield code="a">La homeopatía</subfield>
      <subfield code="b"> : medicina del siglo XXI</subfield>
      <subfield code="c"> / Vidal i Tibau, Jordi, tr. ; Díez i Llambrich, Xavier, pról. ; Solbrig, Gerhard, rev.</subfield>
    </datafield>
    <datafield tag="260" ind1=" " ind2=" ">
      <subfield code="a">Barcelona</subfield>
      <subfield code="b"> : Martínez Roca, ed.</subfield>
      <subfield code="c"> , 1990</subfield>
    </datafield>
    <datafield tag="650" ind1=" " ind2=" ">
      <subfield code="a"> HOMEPATIA</subfield>
    </datafield>
    <datafield tag="650" ind1=" " ind2=" ">
      <subfield code="a"> TERAPIA CON MEDICAMENTOS</subfield>
    </datafield>
    <datafield tag="942" ind1=" " ind2=" ">
      <subfield code="c">BK</subfield>
    </datafield>
    <datafield tag="952" ind1=" " ind2=" ">
      <subfield code="a">BIB_RECT</subfield>
      <subfield code="b">BIB_UACO</subfield>
      <subfield code="d">2014-07-03</subfield>
      <subfield code="y">BK</subfield>
      <subfield code="p">02-46261</subfield>
      <subfield code="i">02-46261</subfield>
      <subfield code="g">50</subfield>
      <subfield code="o">615.015.32 U41h</subfield>
      <subfield code="e">Don. Prof. Rallín, Gladys</subfield>
      <subfield code="8">CG</subfield>
    </datafield>
  </record>