
  <record>
    <leader>01000aam  22002601a 4500</leader>
    <controlfield tag="001">YPZ98638</controlfield>
    <controlfield tag="003">YPZ</controlfield>
    <controlfield tag="005">201407031803520</controlfield>
    <controlfield tag="008">140703|###########||||||b||||||||||spa|d</controlfield>
    <datafield tag="020" ind1=" " ind2=" ">
      <subfield code="a">0132968983</subfield>
    </datafield>
    <datafield tag="040" ind1=" " ind2=" ">
      <subfield code="c">SIUNPA</subfield>
    </datafield>
    <datafield tag="041" ind1=" " ind2=" ">
      <subfield code="a">eng</subfield>
    </datafield>
    <datafield tag="044" ind1=" " ind2=" ">
      <subfield code="a">US</subfield>
    </datafield>
    <datafield tag="080" ind1=" " ind2=" ">
      <subfield code="a">004.7 M236e</subfield>
    </datafield>
    <datafield tag="100" ind1=" " ind2=" ">
      <subfield code="a">Malamud, Carl.</subfield>
    </datafield>
    <datafield tag="245" ind1=" " ind2=" ">
      <subfield code="a">Exploring the Internet</subfield>
      <subfield code="b"> : a technical travelogue</subfield>
    </datafield>
    <datafield tag="260" ind1=" " ind2=" ">
      <subfield code="a">Englewood Cliffs, N.J.</subfield>
      <subfield code="b"> : Prentice-Hall</subfield>
      <subfield code="c"> , 1993</subfield>
    </datafield>
    <datafield tag="650" ind1=" " ind2=" ">
      <subfield code="a"> INTERNET</subfield>
    </datafield>
    <datafield tag="650" ind1=" " ind2=" ">
      <subfield code="a"> REDES INFORMATICAS</subfield>
    </datafield>
    <datafield tag="650" ind1=" " ind2=" ">
      <subfield code="a"> REDES DE ORDENADORES</subfield>
    </datafield>
    <datafield tag="942" ind1=" " ind2=" ">
      <subfield code="c">BK</subfield>
    </datafield>
    <datafield tag="952" ind1=" " ind2=" ">
      <subfield code="a">BIB_RECT</subfield>
      <subfield code="b">BIB_UACO</subfield>
      <subfield code="d">2014-06-30</subfield>
      <subfield code="y">BK</subfield>
      <subfield code="p">02-03507</subfield>
      <subfield code="i">02-03507</subfield>
      <subfield code="g">120</subfield>
      <subfield code="o">004.7 M236e</subfield>
      <subfield code="e">Formación de Grado - UFPA/95</subfield>
      <subfield code="8">CG</subfield>
    </datafield>
  </record>